@Book{brookshear,
 title        = {Computer Science: An Overview},
 publisher    = {Addison-Wesley},
 year         = {2015},
 author       = {J. G. Brookshear},
 ALTALTeditor = {},
 OPTkey       = {},
 OPTvolume    = {},
 OPTnumber    = {},
 OPTseries    = {},
 OPTaddress   = {},
 edition      = {12th},
 month        = {},
 note         = {},
 OPTannote = {},
 OPTurl = {},
 OPTdoi = {},
 OPTissn = {},
 OPTlocalfile = {},
 OPTabstracts = {},
}
















