@Book{peterpacheco,
	author 		= {Peter S. Pacheco},
	title 		= {An Introduction to Parallel Programming},
	publisher	= "Morgan Kaufmann",
	edition 	= {1st},
	year 		= {2011},
	isbn 		= {978-0-12-374260-5},
}

@book{wenmei,
	author 		= {David B. Kirk and Wen-mei W. Hwu},
	title 		= {Programming Massively Parallel Processors: A Hands-on Approach},
	year 		= {2013},
	isbn 		= {978-0-12-415992-1},
	edition 	= {2nd},
	publisher 	= {Morgan Kaufmann},
} 

@book{sanders,
    author      = {Jason Sanders and Edward Kandrot},
    title       = {CUDA by Example: An Introduction to General-Purpose GPU Programming},
    year        = {2010},
    isbn        = {0131387685, 9780131387683},
    edition     = {1st},
    publisher   = {Addison-Wesley Professional},
}

@book{matloff,
    author      = {Norm Matloff},
    title       = {Programming on Parallel Machines},
    year        = {2014},
    publisher   = {University of California, Davis},
    url         = {http://heather.cs.ucdavis.edu/~matloff/158/PLN/ParProcBook.pdf},
}

@book{quinn,
    author      = {Michael J. Quinn},
    title       = {Parallel Programming in C with MPI and OpenMP},
    year        = {2003},
    publisher   = {McGraw-Hill Education Group},
    edition     = {1st},
    isbn        = {0071232656},
} 


