@Book{brookshear,
 title        = {Computer Science: An Overview},
 publisher    = {Addison-Wesley},
 year         = {2012},
 author       = {J. G. Brookshear},
 ALTALTeditor = {},
 OPTkey       = {},
 OPTvolume    = {},
 OPTnumber    = {},
 OPTseries    = {},
 OPTaddress   = {},
 edition      = {11th},
 month        = {January},
 note         = {ISBN 10: 0-13-256903-5},
 OPTannote = {},
 OPTurl = {},
 OPTdoi = {},
 OPTissn = {},
 OPTlocalfile = {},
 OPTabstracts = {},
}
