\begin{thebibliography}{}

@Book{CMMI06,
author    = {CMMI Product Team},
title     = {CMMI for Development Version 1.2},
publisher = {CMU/SEI-2006-TR-2006-008},
year      = {2006},
month     = {August}
}

@Book{Mary07,
author    = {Mary Beth Chrissis and Mike Konrad and Sandy Shrum},
title     = {CMMI Guidelines for Process Integration and Product Improvement},
publisher = {Addison-Wesley},
year      = {2007},
edition   = {2nd},
month     = {February}
}

@Book{Kulpa08,
author    = {Margaret K. Kulpa and Kent A. Johnson},
title     = {Interpreting the CMMMI a Process Improvement Approach},
publisher = {CRC Press Taylor \& Francis Group},
year      = {2008},
edition   = {2nd},
}

@Book{PSPBOK05,
author    = {Marsha Pomeroy-Huff and Julia Mullaney and Robert Cannon and Mark Sebum},
title     = {The Personal Software Process PSP Body of Knowledge},
publisher = {CMU/SEI-2005-SR-003},
year      = {2005},
edition   = {1st},
month     = {August}
}

@Book{Humphrey95,
author    = {Watts S. Humphrey},
title     = {A Discipline for Software Engineering},
publisher = {Addison-Wesley},
year      = {1995},
edition   = {1st},
}

@Book{Humphrey97,
author    = {Watts S. Humphrey},
title     = {Introduction to the Personal Software Process},
publisher = {Addison-Wesley},
year      = {1997},
edition   = {1st},
}

@Book{Humphrey00,
author    = {Watts S. Humphrey},
title     = {Introduction to the Team Software Process},
publisher = {Addison-Wesley},
year      = {2000},
edition   = {1st},
}

@Book{Humphrey01,
author    = {Watts S. Humphrey},
title     = {Winning with Software: An Executive Summary},
publisher = {Addison-Wesley},
year      = {2001},
edition   = {1st},
}

@Book{Humphrey05,
author    = {Watts S. Humphrey},
title     = {PSP: A Self-Improvement Process for Software Engineers},
publisher = {Addison-Wesley},
year      = {2005},
edition   = {1st},
}

@Book{Humphrey06,
author    = {Watts S. Humphrey},
title     = {TSP: Leading a Development Team},
publisher = {Addison-Wesley},
year      = {2006},
edition   = {1st},
}

@Book{Humphrey06a,
author    = {Watts S. Humphrey},
title     = {TSP: Coaching Development Teams},
publisher = {Addison-Wesley},
year      = {2006},
edition   = {1st},
}

@Book{Peach02,
author    = {Robert W. Peach},
title     = {The ISO 9000 Handbook},
publisher = {QSU Publishing Company},
year      = {2002},
edition   = {4th},
month     = {November}
}

@Book{Sue07,
author    = {Sue Carroll and Taz Daughtrey},
title     = {Fundamental Concepts for the Software Quality Engineering Volume 2},
publisher = {American Society for Quality Press},
year      = {2007},
edition   = {2nd},
}

@Book{Gordon08,
author    = {G. Gordon Schulmeyer},
title     = {Handbook of Software Quality Assurance},
publisher = {Artech House Inc.},
year      = {2008},
edition   = {4th},
month     = {October}
}

@Book{Khan06,
author    = {R.A. Khan and K. Mustafa and S.I. Ahson},
title     = {Software Quality: Concepts and Practice},
publisher = {Alpha Science Intl Ltd.},
year      = {2006},
month     = {May}
}

@Book{Wang00,
author    = {Yingxu Wang and Graham King},
title     = {Software Engineering Processes: Principles and Applications},
publisher = {CRC Press},
year      = {2000},
month     = {April}
}

@Book{Peter08,
author    = {Peter {Farrell-Vinay}},
title     = {Manage Software Testing},
publisher = {Auerbach Publications, Taylor \& Francis Group},
year      = {2008},
}

\end{thebibliography}