% Responsable   :
% Bibbliograf\'ia : C\'alculo Diferencial
% Versi\'on       : 1
\begin{thebibliography}{}

@BOOK{Hasser97,
  AUTHOR =       "Hasser and La Salle and Sulivan",
  TITLE =        "An\'alisis Matem\'atico",
  PUBLISHER =    "Editorial Trillas, M\'exico",
  YEAR =         "1997",
  ISBN =	     " ",
  volume = "1"
}

@BOOK{Spivak96,
  AUTHOR =       "Michael Spivak",
  TITLE =        "Calculo Diferencial",
  PUBLISHER =    "Editorial Revert\'e, M\'exico",
  YEAR =         "1996",
  ISBN =         " "
  }

@BOOK{Helfgott89,
  AUTHOR =       "Michel Helfgott and T\'omas N\'u\~nez",
  TITLE =        "C\'alculo Diferencial",
  PUBLISHER =    "Editorial Hozlo, Lima",
  YEAR =         "1989",
  ISBN =         " "
  }

@BOOK{Bartle90,
  AUTHOR =       "R. Bartle and D. Sherbert",
  TITLE =        "Introducci\'on al An\'alisis Matem\'atico",
  PUBLISHER =    "Editorial Limusa, M\'exico",
  YEAR =         "1990",
  ISBN =	     " "
}


@BOOK{Leithold82,
  AUTHOR =       "Louis Leithold",
  TITLE =        "El C\'alculo",
  PUBLISHER =    "Editorial Harla, M\'exico",
  YEAR =         "1982",
  ISBN =         " "
  }

@BOOK{Edwards96,
  AUTHOR    = "C. H. Edwards and D. E. Penney",
  TITLE     = "C\'alculo infinitesimal y Geometr\'ia Anal\'itica ",
  PUBLISHER = "Prentice Hall, Hispanoam\'erica S.A.",
  YEAR = 	  "1996",
  ISBN = 	  " "
 }

 @BOOK{Stewart99,
  AUTHOR =       "James Stewart",
  TITLE =        "C\'alculo, Conceptos y contextos",
  PUBLISHER =    "International Thomson Editores",
  YEAR =         "1999",
  ISBN =	     " "
}

\end{thebibliography}