\begin{thebibliography}{}
 
@Book{Aopland,
  author = "Aaron Aopland",
  title =  "Como escuchar la mÃÂºsica",
  publisher = "Fondo de cultura econÃÂ³mica",
  year =   "1999"
}

@Book{Hamel,
  author = "Hamel Fred; HÃÅrlimann",
  title =  "Encicopedia de la MÃÂºsica",
  publisher = "Ediciones Grijalbo",
  year =   "1984"
}
 
@Book{Aretz,
  author = "Aretz Isabel",
  title =  "Sintesis de la etnomusica en America Latina",
  publisher = "Monte Avila"
}

@Book{Carpio,
  author = "Carpio MuÃÂ±oz Juan",
  title =  "Arequipa, MÃÂºsica y pueblo",
  publisher = "Editorial Carig",
  year =   "1984"
}
 
@Book{Bellenger,
  author = "Bellenger Xavier",
  title =  "El espacio musical andino",
  publisher = "Instituto FrancÃÂ©s de Estudios Andinos",
  year =   "2007"
}
 
@Book{Lovon,
  author = "Jorge {LovÃÂ³n CaparÃÂ³}",
  title =  "Orfeo",
  publisher = "Arequipa",
  year =   "1998"
}

@Book{Donald,
  author = "Donald J. Grout; Claude V. Palisca",
  title =  "Historia de la mÃÂºsica occidental",
  publisher = "Alianza editorial",
  year =   "2006"
}

@Book{Salvat,
  author = "{Salvat editores}",
  title =  "Los grandes compositores",
  publisher = "Salvat",
  year =   "1989"
}
@Book{Vives,
  author = "Vicens Vives",
  title =  "Historia del arte",
  publisher = "EspaÃÂ±a",
  year =   "1996"
}

@Misc{Penaloza2009,
OPTkey = {},
author = {JosuÃÂ© PeÃÂ±aloza},
title = {Siglo {XXI}: hombre, arte, mÃÂºsica y tecnologÃÂ­a},
howpublished = {http://musicayfilosofia.blogspot.com/},
OPTmonth = {},
year = {2009},
note = {ÃÂltima visita Marzo de 2009},
OPTannote = {Tijuana -- MÃÂ©xico},
url = {},
OPTdoi = {},
OPTissn = {},
OPTlocalfile = {},
OPTabstract = {}
}

.  .

@InBook{Suarez2005Camino,
author = {RubÃÂ©n Dario Suarez},
ALTeditor = {},
title = {Cultura y TransformaciÃÂ³n Social},
chapter = {Camino al paraÃÂ­so: La experiencia de La ChiquitanÃÂ­a},
publisher = {Viva Trust},
year = {2005},
OPTkey = {},
OPTvolume = {},
OPTnumber = {},
OPTseries = {},
OPTtype = {},
OPTaddress = {},
edition = {Primera ediciÃÂ³n},
OPTmonth = {},
pages = {10-15},
OPTnote = {},
OPTannote = {},
url = {www.avina.net},
OPTdoi = {},
OPTissn = {},
OPTlocalfile = {},
OPTabstract = {}
}


      

@InBook{Schwanitz2002,
author = {Dietrich Schwanitz},
ALTeditor = {},
title = {La Cultura},
chapter = {Cap. IV Historia de la MÃÂºsica},
publisher = {Editorial Taurus},
year = {2002},
OPTkey = {},
OPTvolume = {},
OPTnumber = {},
OPTseries = {},
OPTtype = {},
OPTaddress = {},
edition = {Tercera EdiciÃÂ³n},
OPTmonth = {},
pages = {303--326},
note = {Impreso en Argentina},
OPTannote = {},
OPTurl = {},
OPTdoi = {},
OPTissn = {},
OPTlocalfile = {},
OPTabstract = {}
}



\end{thebibliography}