% Responsable   :
% BibbliografÃÂ­a : AntropologÃÂ­a Cultural
% VersiÃÂ³n       : 1
\begin{thebibliography}{}

@BOOK{Herskovitz84,
  AUTHOR =       "M. Herskovitz",
  TITLE =        "El Hombre y sus obras",
  PUBLISHER =    "Fondo de cultura EconÃÂ³mico Mexico",
  YEAR =         "1984",
  ISBN =	     "",
}

@BOOK{Nanda82,
  AUTHOR =       "Serena Nanda",
  TITLE =        "AntropologÃÂ­a Cultural",
  PUBLISHER =    "Editora TipogrÃÂ¡fica. Mexico",
  YEAR =         "1982",
  ISBN =	     "",
}

@BOOK{Marvin97,
  AUTHOR =       "Harris Marvin",
  TITLE =        "El Desarrollo de la Cultura AntropolÃÂ³gica",
  PUBLISHER =    "Editorial Siglo XXI",
  YEAR =         "1997",
  ISBN =	     "",
}



\end{thebibliography}