% Responsable   :
% BibbliografÃÂ­a : Realidad Nacional
% VersiÃÂ³n       : 1
\begin{thebibliography}{}


@BOOK{Almeida94,
  AUTHOR =       "Ileana Almeida Velez",
  TITLE =        "Pueblos Indios",
  PUBLISHER =    "FundaciÃÂ³n Friedrich Ebert. Quito",
  YEAR =         "1994",
  ISBN =	     "",
}


@BOOK{Huerta99,
  AUTHOR =       "Reinaldo Huerta",
  TITLE =        "La nueva constituciÃÂ³n de la repÃÂºblica",
  PUBLISHER =    "Quito",
  YEAR =         "1999",
  ISBN =	     "",
}


@BOOK{Acosta95,
  AUTHOR =       "Alberto Acosta",
  TITLE =        "Breve historia econÃÂ³mica del Ecuador",
  PUBLISHER =    "Corporacion editora nacional Quito",
  YEAR =         "1995",
  ISBN =	     "",
}



@BOOK{VicuÃÂ±a07,
  AUTHOR =       "Leonardo VicuÃÂ±a Izquierdo",
  TITLE =        "Realidad Nacional",
  PUBLISHER =    "Editorial de la serie nuestros valores",
  YEAR =         "2007",
  ISBN =	     "",
}




\end{thebibliography}