\begin{thebibliography}{}

@book{hubenak2006historia,
  title={Historia integral de Occidente: Desde una perspectiva cristiana},
  author={HubeÃÂ±ÃÂ¡k, F.F.},
  isbn={9789871190539},
  year={2006},
  publisher={Ed. de la Universidad CatÃÂ³lica Argentina}
}


@Book{CHAVEZA,
  author = "ChÃÂ¡vez, A.",
  title =  "Apuntes y Notas TÃÂ©cnicas",
  publisher = "UCSP",
  year =   "2011"
}

@Book{CARRAZCO,
  author = "Carrazco, JosÃÂ© B.",
  title =  "CÃÂ³mo aprender mejor"
  year =   "1998"
}

@Book{GARAYCOCHEA,
  author = "GARAYCOCHEA, Walter",
  title =  "MetodologÃÂ­a del estudio"
  year =   "1985"
}

@Book{Pauk,
  author = "Pauk, W.",
  title =  "Estrategias de estudio",
  publisher = "PEARSON EDUCACION",
  year =   "2002"
}

@Book{Pimienta,
  author = "Pimienta Prieto. J.",
  title =  "Constructivismo, Estrategias para aprender a aprender",
  publisher = "PEARSON EDUCACION",
  year =   "2005"
}

@Book{Bernedo,
  author = "Bernedo,J.",
  title =  "MetodologÃÂ­a Intelectual, AntologÃÂ­a",
  publisher = "UCSM",
  year =   "1995"
}

@Book{Tapia,
  author = "Tapia, A.",
  title =  "EducaciÃÂ³n y Desarrollo Humano",
  publisher = "UCSM",
  year =   "2001"
}

@Book{Velasquez2009,
  author = "Mario Toso",
  title =  "Humanismo Social",
  publisher = "Instituto mexicano de doctrina social cristiana",
  year =   "2003"
}

@Book{Cassany,
  author = "Daniel Cassany and Marta Luna",
  title =  "EnseÃÂ±ar Lengua",
  publisher = "10a EdiciÃÂ³n.GRAÃÂ, ESPAÃÂA",
  year =   "2005"
}
@Book{Caceres,
  author = "Jose CÃÂ¡ceres Chaupin",
  title =  "GramÃÂ¡tica descriptiva y funcional de la Lengua",
  publisher = "Ed, Montegraf, Madrid",
  year =   "1986"
}
@Book{Cisneros,
  author = "Jaime Cisneros",
  title =  "Lengua y EnseÃÂ±anza",
  publisher = "LibrerÃÂ­a Studium, Lima",
  year =   "1967"
}
@Book{Leahey,
  author = "Ardi Leahey and Jackson Harris",
  title =      "Aprendizaje y MetacogniciÃÂ³n",
  publisher = "Pretice Hall, EspaÃÂ±a",
  year =   "1998"
}
@Book{Saussure,
  author = "Ferdinand {De Saussure}",
  title =  "Cuso de LingÃÅÃÂ­stica General",
  publisher = "Losada, Buenos Aires",
  year =   "1945"
}
@Book{Alonso,
  author = "A. Alonso and P. HenrÃÂ­quez ",
  title =  "GramÃÂ¡tica Castellana",
  publisher = "Losada, Buenos Aires",
  year =   "1957"
}

@Book{Hockett,
  author = "Charles Hockett",
  title =  "Curso de LingÃÅÃÂ­stica Moderna",
  publisher = "Universitaria de Buenos Aires",
  year =   "1971"
}
@Book{Bernedo,
  author = "Jorge Bernedo Paredes",
  title =  "MetodologÃÂ­a del trabajo intelectual",
  publisher = "Akuarella impresores",
  year =   "1998"
}
@Book{Flores,
  author = "Marco Flores Velazco",
  title =  "Mapas conceptuales en el aula",
  publisher = "Ed. San Marcos",
  year =   "1999"
}
@Book{Perez,
  author = "Nilda PÃÂ©rez {Taboada de TappaatÃÂ¡}",
  title =  "CÃÂ³mo estudiar eficazmente",
  publisher = "El Ateneo, Argentina",
  year =   "1998"
}
@Book{Blythe,
  author = "Tina Blythe",
  title =  "La enseÃÂ±anza para la comprensiÃÂ³n",
  publisher = "Paidos",
  year =   "1999"
}
@Book{Buzan,
  author = "Tony Buzan",
  title =  "CÃÂ³mo utilizar su mente con el mÃÂ¡ximo de rendimiento",
  publisher = "Ed. Planeta, Argentina",
  year =   "1987"
}
@Book{Goleman,
  author = "D. Goleman",
  title =  "La Inteligencia Emocional",
  publisher = "J Vergara editores",
  year =   "1997"
}
@Book{FloresA,
  author = "Marco Flores Velazco",
  title =  "Inteligencias mÃÂºltiples en el aula",
  publisher = "Editorial San Marcos",
  year =   "1999"
}

@Book{Guardini,
  author = "Romano Guardini",
  title =  "La aceptaciÃÂ³n de sÃÂ­ mismo",
  publisher = "Lumen",
  year =   "1994"
}

@Book{Guardini2,
  author = "Romano Guardini",
  title =  "Tres escritos sobre la Universidad",
  publisher = "EUNSA",
  year =   "2012"
}

@Book{Guardini3,
  author = "Romano Guardini",
  title =  "La esencia del Cristianismo",
  publisher = "Ediciones Cristiandad",
  year =   "2006"
}


@Book{Maldonado,
  author = "Maldonado, Luis",
  title =  "AproximaciÃÂ³n cristiana al trabajo universitario",
  publisher = "Taurus Ediciones",
  year =   "1962"
}

@Book{Identidad,
  title =  "Identidad y MisiÃÂ³n "10 AÃÂ±os Comprometidos con el Futuro" Mensajes por el X Aniversario de la UCSP",
  publisher = "Letrera GrÃÂ¡fica S.A.C",
  year =   "2007"
}


@Book{Salazar,
  author = "Miguel Salazar",
  title =  "Persona Humana y ReconciliaciÃÂ³n",
  publisher = "Vida y Espiritualidad",
  year =   "1989"
}

@Book{Lepp64,
  author    = "Ignace Lepp",
  title     = "La comunicaciÃÂ³n de las Existencias",
  publisher = "Carlos LohlÃÂ©",
  year      = "1964"
}

@Book{Figari98,
  author = "Luis Fernando Figari",
  title =  "Lenguaje, Homogeneizado y GlobalizaciÃÂ³n",
  publisher = "Vida y Espiritualidad",
  year =   "1998"
}

@Book{Ugarte,
  author = " Ugarte, Manuel",
  title =  "GÃÂ©neros periodÃÂ­sticos",
  publisher = "Proyecto Media del Ministerio de EducaciÃÂ³n y Ciencia",
  year =   "2009"
}

@Article{JuanPablo,
author  = {{Juan Pablo II}},
title   = {ConstituciÃÂ³n ApostÃÂ³lica sobre las Universidades CatÃÂ³licas \textit{Ex Corde Ecclesiae}},
journal = {TeolÃÂ³gica Limense},
year    = {2001}
}

@Book{PersonaCultura1,
  author    = {UCSP},
  title     = {Revista de la UCSP: Persona y Cultura},
  number    = {1},
  series    = {1},
  publisher = {UCSP},
  year      = {2001}
}

@Book{PersonaCultura2,
  author    = {UCSP},
  title     = {Revista de la UCSP: Persona y Cultura},
  number    = {2},
  series    = {1},
  publisher = {UCSP},
  year      = {2003}
}

@Book{Melendo,
  author = "Tomas Melendo",
  title =  "IntroducciÃÂ³n a la antropologÃÂ­a",
  publisher = "Eunsa-Pamplona",
  year =   "2003"
}
@Book{Pieper,
  author = "Josef Pieper",
  title =  "Defensa de la filosofia",
  publisher = "Editorial Herder-Barcelona",
  year =   "1982"
}
@Book{Lewis,
  author = "Lewis C. S.",
  title =  "Mero Cristianismo",
  publisher = "Andres Bello",
  year =   "1994",
  note = "UCSP:230 L54"
}
@Book{RodriguezL,
  author = "Rodriguez LuÃÂ±o A.",
  title =  "ÃÂtica General",
  publisher = "Ediciones de la Universidad de Navarra",
  year =   "1994",
  note = "UCSP:SU 170 R75"
}


@Book{JuanPabloA,
  author = "{Juan Pablo II}",
  title =  "Fides et Ratio",
  publisher = "LibrerÃÂ­a Editorial, Salesiana, Lima",
  year =   "1998"
  note = "UCSP:262.91 J81F4"
}

@Book{JuanPabloB,
  author = "{Juan Pablo II}",
  title =  "Discurso a cientÃÂ­ficos y estudiantes en la Catedral de Colonia",
  year =   "1980"
}

@Book{JuanPabloC,
  author = "{Juan Pablo II}",
  title =  "Discurso a la European Physical Society",
  year =   "1979"
}

@Book{PAVIS,
  author = "Patrice Pavis",
  title =  "Diccionario del Teatro",
  publisher = "Edit. Piados BA",
  year =   "1998"
}

@Book{Rudolf,
  author    = {Arnheim Rudolf},
  title     = {Arte y PercepciÃÂ³n Visual},
  publisher = {Alianza Editorial Madrid},
  year      = {1997}
}

@Book{Arte,
  author    = {F. Calvo},
  title     = {Comprender el Arte},
  publisher = {Biblioteca Universal del Arte},
  address   = {UNED, Madrid},
  year      = {1976}
}

@Book{BASADRE,
  author    = {Jorge Basadre},
  title     = {PerÃÂº Problema y Posibilidad},
  publisher = {Studium},
  year      = {1981}
}

@Book{BELAUNDE,
  author = "VÃÂ­ctor AndrÃÂ©s Belaunde",
  title =  "Peruanidad",
  publisher = "Studium Lima",
  year =   "1965"
}
@Book{PORRAS,
  author = "RaÃÂºl {Porras Barrenechea}",
  title =  "el legado quechua",
  publisher = "UNMS Fondo Editorial Lima",
  year =   "1999"
}

@Book{Lepp63,
  author = "Ignace Lepp",
  title =  "La Existencia AutÃÂ©ntica",
  publisher = "Carlos LohlÃÂ©",
  year =   "1963"
  note = "UCSP:SU 142.78 L37"
}

@Book{Figari04,
  author = "Luis Fernando Figari",
  title =  "Un Mundo en Cambio",
  publisher = "Vida y Espiritualidad, VE 1ra EdiciÃÂ³n",
  year =   "2004",
  note = "UCSP:303.4 F48"
}

@Book{Figari05,
  author = "Luis Fernando Figari",
  title =  "Nostalgia de Infinito",
  publisher = "Fondo Editorial",
  year =   "2002"
}

@Book{Figari06,
  author = "Luis Fernando Figari",
  title =  "El desafÃÂ­o ante una cultura de muerte una cultura de vida, de libertad, de amor",
  publisher = "Fondo Editorial",
  year =   "1990"
}

@Book{Figari07,
  author = "Luis Fernando Figari",
  title =  "Horizontes de ReconciliaciÃÂ³n",
  publisher = "Vida y Espiritualidad",
  year =   "1996"
}

@Book{Mondolfo,
  author = "Mondolfo, Rodolfo",
  title =  "Universidad Pasado y Presente",
  publisher = "Eudeba",
  year =   "1966"
}

@Book{principito,
  author = "Saint-Exupery, Antoine",
  title =  "El Principito"
}

@Book{Doig,
  author = "GermÃÂ¡n Doig Klinge",
  title =  "El DesafiÃÂ³ de  la TecnologÃÂ­a",
  publisher = "Vida y Espiritualidad VE",
  year =   "2000"
}

@Book{Jackson,
  author    = {W. M Jackson},
  title     = {Los ClÃÂ¡sicos},
  publisher = {W.M. Jackson},
  year      = {1973}
}

@Book{Riquer,
  author    = {Riquer and Valverde},
  title     = {Historia de la Literatura Universal I},
  publisher = {Planeta Barcelona},
  year      = {1984}
}

@Book{Morris,
  author = "Charles Morris",
  title =  "PsicologÃÂ­a General",
  publisher = "Prentice Hall 9na. EdiciÃÂ³n",
  year =   "1997"
}
@Book{Felman,
  author = "Robert Felman",
  title =  "PsicologÃÂ­a Aplicada a los paÃÂ­ses de Habla Hispana",
  publisher = "Mc Graw Hill-Interamericana Editores",
  year =   "1999"
}

@Book{Giddens,
  author = "Anthony Giddens",
  title =  "SociologÃÂ­a",
  publisher = "Alianza Editorial Madrid",
  year =   "2002"
}
@Book{Gelles,
  author = "Richard Gelles",
  title =  "SociologÃÂ­a",
  publisher = "Mac Graw Hill MÃÂ©xico",
  year =   "1996"
}

@Book{Catecismo,
  author = "ComisiÃÂ³n Redactora del Catecismo",
  title =  "Catecismo de la Iglesia CatÃÂ³lica",
  publisher = "Conferencia Episcopal de Colombia",
  year =   "1993"
}
@Book{Ratzinger,
  author = "Joseph Ratzinger",
  title =  "IntroducciÃÂ³n al Cristianismo",
  publisher = "SÃÂ­gueme",
  year =   "2001"
}

@Book{Morande,
  author = "Pedro MorandÃÂ©",
  title =  "TradiciÃÂ³n Sapiencial y TecnologÃÂ­a",
  publisher = "UCSP",
  year =   "2009"
}

@Book{Lakatos,
  author = "Imre Lakatos",
  title =  "Historia de la Ciencia y sus reconstrucciones racionales",
  publisher = "Tecnos",
  year =   "1987"
}

@Book{Comellas,
  author = "JosÃÂ© Luis Comellas",
  title =  "Historia sencilla de la Ciencia",
  publisher = "Tecnos S.A.",
  year =   "1987"
}

@Book{Biblia,
  author = "Biblia",
  title =  "Sagrada Biblia", 
  publisher = "Ediciones Rialp",
  year =   "2007"
}

@Book{KREBS,
  author = "Ricardo Brebs",
  title =  "Breve historia universal",
  publisher = "Editorial Universitaria Santiago de Chile",
  year =   "2002"
}
@Book{HERNADEZ,
  author = "Francisco Martin HernÃÂ¡ndez",
  title =  "La Iglesia en la Historia Sociedad de EducaciÃÂ³n Vol I",
  publisher = "Atenas Madrid",
  year =   "1990"
}
@Book{CHAPIN,
  author = "Marcel Chapin",
  title =  "IntroducciÃÂ³n a la Historia de la Iglesia",
  publisher = "Verbo Divino Navarra",
  year =   "1997"
}

@Book{Majorana,
  author = "Angel Majorana",
  title =  "El arte de hablar en publico",
  publisher = "La EspaÃÂ±a Moderna",
  year =   "1958"
}
@Book{Monroe,
  author = "A. Monroe and D. Ehninger",
  title =  "La comunicaciÃÂ³n, oral",
  publisher = "Oral Edit Hispano Europea Barcelona",
  year =   "1976"
}
@Book{Rodriguez,
  author = "M. Lourdes RodrÃÂ­guez Manrique",
  title =  "DidÃÂ¡ctica de la comunicaciÃÂ³n oral",
  publisher = "UCSM Arequipa",
  year =   "1999"
}

@Book{Antezana,
  author = "NicolÃÂ¡s C.A. Antezana Abarca",
  title =  "Echelon y Los Sistemas Mundiales de Espionaje ElectrÃÂ³nico",
  publisher = "Escuela Militar de IngenierÃÂ­a La Paz",
  year =   "2005"
}
@Book{Hampton,
  author = "John J. Hampton",
  title =  "AMA Management Handbook",
  publisher = "AMACOM New York",
  year =   "1994"
}
@Book{Ralston,
  author = "Anthony Ralston and Edwin Reilly",
  title =  "Encyclopedia of Computer Science 3rd. Ed.",
  publisher = "Van Nostrand Reinhold New York",
  year =   "1993"
}

@Book{Gomez,
  author = "Rafael GÃÂ³mez PÃÂ©rez",
  title =  "ÃÂtica: problemas morales de la existencia humana",
  publisher = "Magisterio Casals Madrid",
  year =   "1996"
}
@Book{Piper,
  author = "Josef Pieper",
  title =  "Las virtudes fundamentales",
  publisher = "Rialp Madrid",
  year =   "1997",
  note = "UCSP:245 P54"
}

@Book{Droste,
  author = "Droste, K.",
  title =  "DesÃÂ³rdenes morales relacionados con el deleite sensible y alteraciones psicolÃÂ³gicas desde una antropologÃÂ­a perenne"
  note = "UCSP:150.195 A128"
}

@Book{Lego,
  author = "Lego, P.",
  title =  "UCSP",
  year =   "2009"
}

@Book{Vaticano,
  author = "{Academia Pontificia para la Vida}",
  title =  "Academia Pontificia para la Vida, Respetar la dignidad del moribundo",
  publisher = "Ciudad del Vaticano",
  year =   "2000"
}

@Book{CASTELLS,
  author = "Manuel Castells",
  title =  "La galaxia Internet",
  publisher = "AretÃÂ© Madrid",
  year =   "2001"
}
@Book{NAVARRO,
  author = "Antonio Peinador Navarro",
  title =  "Tratado moral profesional",
  publisher = "Biblioteca de autores cristianos Madrid",
  year =   "1969"
}
@Book{SCHMIDT,
  author = "Eduardo Schmidt",
  title =  "Etica y negocios par AmÃÂ©rica latina",
  publisher = "Universidad del Pacifico Lima",
  year =   "1995"
}

@Book{PALUMBO,
  author = "Carmelo Palumbo",
  title =  "GuÃÂ­a para un estudio sistemÃÂ¡tico de la doctrina social de la Iglesia",
  publisher = "Centro de las investigaciones de ÃÂ©tica social (CIES)",
  year =   "2000"
}

@Book{TOSO,
  author = "Mario Toso",
  title =  "Humanismo Social",
  publisher = "Instituto mexicano de doctrina social cristiana",
  year =   "2003"
}

@Book{Pontificio,
  author = "Pontificio Consejo Justicia y Paz",
  title =  "Compendio de la Doctrina Social de la Iglesia",
  publisher = "LibrerÃÂ­a Editrice Vaticana",
  year =   "2005"
}

@Book{MorandeP,
  author = "MorandÃÂ©, Pedro",
  title =  "La polÃÂ­tica en la doctrina social de la Iglesia",
  year =   "2008"
}

@Book{Fontana,
  author = "Fontana, Tefano",
  title =  "Lo inmaterial en la economÃÂ­a: Repensamiento de algunas categorÃÂ­as econÃÂ³micas",
  publisher = "Pontificia Universidad CatÃÂ³lica de Chile",
  year =   "2009"
}

@Book{MorandeP2,
  author = "MorandÃÂ©, Pedro",
  title =  "AmÃÂ©rica Latina en los ÃÂºltimos 50 aÃÂ±os",
  year =   "1997"
}

@Book{MorandeCFP,
  author = "MorandÃÂ©, Pedro",
  title =  "Cristo como fundamento de la personalizaciÃÂ³n",
  year =   "1990"
}

@Book{Conferencia,
  author = "Conferencia Episcopal Peruana",
  title =  "La ideologÃÂ­a de gÃÂ©nero. Sus peligros y alcances",
  year =   "1998"
}

@Book{Barreiro,
  author = "Barreiro, I.",
  title =  "ManipulaciÃÂ³n verbal",
  publisher = "Consejo Pontificio para la Familia",
  year =   "2004"
}

@Book{Avila,
  author = "ÃÂvila, Fernando",
  title =  "CÃÂ³mo se escribe",
  publisher = "Norma",
  year =   "2003"
}

@Book{Buendia,
  author = "BuendÃÂ­a, Manuel",
  title =  "Ejercicio periodÃÂ­stico",
  year =   "1996"
}

@Book{Diario,
  author = "Diario El PaÃÂ­s",
  title =  "CManual de Estilo del diario El PaÃÂ­s de EspaÃÂ±a",
  year =   "1996"
}


@Book{Grijelmo,
  author = "Grijelmo, Alex",
  title =  "El estilo del periodista",
  publisher = "Taurus-Santillana",
  year =   "2001"
}

@Book{GonzalesS,
  author = "GonzÃÂ¡les Reyna, Susana",
  title =  "Periodismo de opiniÃÂ³n y discurso",
  publisher = "Editorial Trilla",
  year =   "2005"
}

@Book{Congregacion2,
  author = "CongregaciÃÂ³n para la Doctrina de la Fe",
  title =  "InstrucciÃÂ³n Dignitas personae",
  year =   "2008"
}

@Book{Congregacion1,
  author = "CongregaciÃÂ³n para la Doctrina de la Fe",
  title =  "InstrucciÃÂ³n Donum vitae",
  year =   "1987"
}

@Book{Marin,
  author = "MarÃÂ­n, Carlos",
  title =  "Manual de periodismo",
  publisher = "Grijalbo",
  year =   "2004"
}

@Book{Rojas,
  author = "Enrique Rojas",
  title =  "El Hombre Light",
  publisher ="Ediciones Palabra",
  year =   "1993",
  note = "UCSP:SU 171 R78"
}

@Book{Sanz,
  author = "Sanz,  Alfredo",
  title =  "El Hombre Moderno",
  publisher ="Ediciones Gladius",
  year =   "2008"
}


@Book{Frankl,
  author = "Frankl, Viktor",
  title =  "El hombre en bÃÂºsqueda de sentido",
  publisher ="Editorial Herder",
  year =   "1991",
  note = "UCSP:616.891 F80"
}


@Book{Fromm,
  author = "Fromm, Erich",
  title =  "El arte de amar",
  publisher =Ediciones PaidÃÂ³s IbÃÂ©rica",
  year =   "1959,2000"
}


@Book{Marias,
  author = "MarÃÂ­as, JuliÃÂ¡n",
  title =  "La Felicidad Humana",
  publisher ="Alianza",
  year =   "1995"
}

@Book{Rilke,
  author = "Rilke, Rainer MarÃÂ­a",
  title =  "Los cuadernos de Malte Lauridis Brigge",
  publisher ="Lossada",
  year =   "1941"
}

@Book{Fujuyama,
  author = "Francis Fujuyama",
  title =  "El fin de la historia y el ultimo hombre",
  publisher = "Planeta Bogota",
  year =   "1992"
}

@Book{Asimos64,
  author    = {Isaac Asimos},
  title     = {Enciclopedia BiogrÃÂ¡fica de ciencia y tecnologÃÂ­a},
  publisher = {Alianza Editorial, Madrid},
  year      = {1964},
}

@Book{Trevor98,
  author    = {Trevor Williams},
  title     = {Historia de la TecnologÃÂ­a},
  publisher = {Siglo veintiuno. MÃÂ©xico},
  year      = {1998},
}

@Book{Poupard2003,
  author    = {{Paul Poupard}},
  title     = {Hacia una Cultura de la Verdad},
  publisher = {Universidad San Pablo},
  year      = {2003},
}

@Book{Auzias1968,
  author    = {J.M. Auzias},
  title     = {La FilosofÃÂ­a y las TÃÂ©cnicas},
  publisher = {Ediciones Oikos-tau. Barcelona},
  year      = {1968},
}

@Book{Mitcham1990,
  author    = {Carl Mitcham and Margarita {PeÃÂ±a Borrero}},
  title     = {El nuevo mundo de la FilosofÃÂ­a y la TecnologÃÂ­a},
  publisher = {STS Press, USA},
  year      = {1990},
}

@Book{Chavez2003HistoriaDoctrinas,
author    = {Pedro ChÃÂ¡vez},
ALTeditor = {},
title     = {Historia de las doctrinas filosÃÂ³ficas},
publisher = {Pearson EducaciÃÂ³n de MÃÂ©xico},
year      = {2003},
OPTkey    = {},
OPTvolume = {},
OPTnumber = {},
OPTseries = {},
OPTaddress = {},
OPTedition = {},
OPTmonth  = {},
OPTnote   = {},
OPTannote = {},
OPTurl    = {},
OPTdoi    = {},
OPTissn   = {},
OPTlocalfile= {},
OPTabstract= {}
}

@Book{ReydeCastro2010,
  author    = {JosÃÂ© {Rey de Castro}},
  title     = {Cuaderno de Trabajo de IntroducciÃÂ³n a la FilosofÃÂ­a},
  publisher = {UCSP},
  year      = {2010},
  note = {UCSP:101 R47}
}

@Book{Bourmaud,
  author    = {Bourmaud D.},
  title     = {Cien aÃÂ±os de modernismo},
  publisher = {FundaciÃÂ³n San Pio X},
  year      = {2006},
}

@Book{Aristoteles,
  author    = {Aristoteles},
  title     = {Metafisica},
}

@Book{AristotelesE,
  author    = {Aristoteles},
  title     = {ÃÂtica nicomaquea. ÃÂtica eudemia},
  publisher = {Gredos},
  year      = {2003},
  note = {UCSP:185 A72E}
}

@Book{SanchezM,
  author    = {SÃÂ¡nchez-MigallÃÂ³n, S.},
  title     = {ÃÂtica filosÃÂ³fica},
  publisher = {Ediciones Universidad de Navarra},
  year      = {2008},
  note = {UCSP:170 S23}
}

@Book{Genta,
  author    = {Genta, J. B.},
  title     = {Curso de ÃÂ©tica},
  publisher = {Centro de Estudios San Alberto Magno},
  year      = {1970},
}

@Book{StoTomas,
  author    = {Santo Tomas de Aquino},
  title     = {Summa Theologiae I y II},
}

@Book{Artigas1994,
  author    = {Artigas Mariano},
  title     = {Ciencia y Fe},
  publisher = {EUNSA},
  year      = {1994},
}

@Book{Artigas2007,
  author    = {Artigas Mariano},
  title     = {Ciencia y ReligiÃÂ³n},
  publisher = {EUNSA},
  year      = {2007},
}

@Book{Huxley,
  author    = {Aldoux Huxley},
  title     = {Un mundo feliz},
  publisher = {Debolsillo},
  year      = {2003},
}

@Book{Basti1995,
  author    = {Basti Gianfranco},
  title     = {FilosofÃÂ­a dell'huomo,},
  publisher = {Edizioni Studio Domenicano},
  year      = {1995},
}

@Book{Gonzales1989,
  author    = {Gonzalez Guillermo and Richards Jay},
  title     = {El Planeta Privilegiado},
  publisher = {Palabra},
  year      = {2006},
}

@Book{Pieper1989,
  author    = {Pieper Josep},
  title     = {Defensa de la FilosofÃÂ­a},
  publisher = {Herder},
  year      = {1989},
}

@Book{GarciaCuadrado,
  author    = {JosÃÂ© ÃÂngel GarcÃÂ­a Cuadrado},
  title     = {AntropologÃÂ­a filosÃÂ³fica. Una introducciÃÂ³n a la filosofÃÂ­a del hombre},
  note			= {UCSP:128 G23}
}

@Book{Edith,
  author    = {Edith Stein},
  title     = {La estructura de la persona humana},
  note			= {UCSP:128 S92}
}

@Book{Amengual,
  author    = {Gabriel Amengual},
  title     = {AntropologÃÂ­a filosÃÂ³fica},
  note			= {UCSP:128 A53}
}

@Book{ReydeCastro,
  author    = {JosÃÂ© Rey de Castro},
  title     = {La estructura de la interioridad humana segÃÂºn Posidonio de Apamea},
}

@Book{ReydeCastro2,
  author    = {JosÃÂ© Rey de Castro},
  title     = {Lo inconsciente en las Confesiones de San AgustÃÂ­n},
}

@Book{Unamuno,
  author = "Miguel de Unamuno",
  title =  "Del sentimiento trÃÂ¡gico de la vida en los hombres y en los pueblos",
  note = "UCSP:129 U53"
}

@Book{Buber,
  author = "Martin Buber",
  title =  "ÃÂ¿QuÃÂ© es el hombre?",
  note = "UCSP:128 B86"
}

@Book{GarciaQuesada,
  author = "Alfredo GarcÃÂ­a Quesada",
  title =  "La mismidad"
}

@Book{Marcel,
  author = "Gabriel Marcel",
  title =  "El misterio del ser",
  note = "UCSP:120 M26M"
}

@Book{Wojtyla,
  author = "Karol Wojtyla",
  title =  "Persona y acciÃÂ³n",
  publisher = "Ediciones Palabra",
  note = "UCSP:128.W964"
}

@Book{Wojtyla2,
  author = "Karol Wojtyla",
  title =  "Mi visiÃÂ³n del hombre. Hacia una nueva ÃÂ©tica",
  note = "UCSP:170.92W77"
}

@Book{Congregacion,
  author = "CongregaciÃÂ³n para la EducaciÃÂ³n CatÃÂ³lica",
  title =  "Orientaciones educativas sobre el amor humano. Pautas de educaciÃÂ³n sexual"
}

@Book{Benedicto2011,
  author    = {Benedicto XVI},
  title     = {Discurso en la entrega del premio Ratzinger},
  year      = {2011},
}

@Book{Benedicto2007,
  author    = {Benedicto XVI},
  title     = {JesÃÂºs de Nazaret},
  publisher = {Editorial Planeta},
  year      = {2007},
}

@Book{HomoCapax,  
  title     = {Homo capax Dei},
  note = {separata}
}


@Book{Swinburne,
  author    = {Swinburne Richard},
  title     = {La existencia de Dios},
  publisher = {Editorial San Esteban},
  year      = {2011},
}

@Book{DeLubac,
  author    = {De Lubac Henry},
  title     = {El drama del humanismo ateo},
  publisher = {Ediciones Encuentro},
  year      = {2005},
}

@Book{DeiVerbum,
  author    = {Concilio Vaticano II},
  title     = {ConstituciÃÂ³n DogmÃÂ¡tica Dei Verbum sobre la divina revelaciÃÂ³n}
}

@Book{Latourelle,
  author    = {Latourelle RenÃÂ©},
  title     = {TeologÃÂ­a de la RevelaciÃÂ³n},
  publisher = {Ediciones SÃÂ­gueme},
  year      = {1985},
}



@Book{BenedictoRatisbona,
  author    = {Benedicto XVI},
  title     = {Discurso en la Universidad de Ratisbona},
  year      = {2006},
}

@Book{SanAnselmo,
  author    = {San Anselmo de Canterbury},
  title     = {Proslogion}
}

@Book{AdamKarl,
  author    = {Adam Karl},
  title     = {El Cristo de nuestra Fe},
  publisher = {Herder},
  year      = {1972},
}

@Book{BiffiGiacomo,
  author    = {Biffi Giacomo},
  title     = {JesÃÂºs de Nazaret: Centro del cosmos y de la historia},
  publisher = {San Pablo},
  year      = {2001},
}

@Book{JuanPabloII1998,
  author    = {Juan Pablo II},
  title     = {Catequesis sobre el Credo},
  publisher = {VE},
  year      = {1998},
}

@Book{VaticanoIILumen,
  author    = {Concilio Vaticano II},
  title     = {ConstituciÃÂ³n DogmÃÂ¡tica Lumen Gentium sobre la Iglesia}
}

@Book{JuanPabloII1998,
  author    = {Juan Pablo II},
  title     = {Catequesis sobre el Credo},
  publisher = {VE},
  year      = {1998},
}

@Book{RatzingerJoseph1992,
  author    = {Ratzinger Joseph},
  title     = {La Iglesia, una comunidad siempre en camino},
  publisher = {Ediciones Paulinas},
  year      = {1192},
}



\end{thebibliography}
