% Responsable   :
% BibbliografÃÂ­a : TÃÂ©cnicas de InvestigaciÃÂ³n
% VersiÃÂ³n       : 1
\begin{thebibliography}{}

@BOOK{Aguilar92,
  AUTHOR =       "Ruth Aguilar Feijoo",
  TITLE =        "MetodologÃÂ­a de la InvestigaciÃÂ³n",
  PUBLISHER =    "Loja",
  YEAR =         "1992",
  ISBN =	     "",
}

@BOOK{Gutierrez88,
  AUTHOR =       "Abraham GutiÃÂ©rrez",
  TITLE =        "MÃÂ©todos y TÃÂ©cnicas de InvestigaciÃÂ³n",
  PUBLISHER =    "Editorial Nuestra AmÃÂ©rica Quito-Ecuador",
  YEAR =         "1988",
  ISBN =	     "",
}

@Book{Arias99,
author     = {E. Arias},
ALTeditor  = {},
title      = {El Proyecto de investigaciÃÂ³n: GuÃÂ­a para su elaboraciÃÂ³n},
publisher  = {Editorial Episteme},
year       = {1999},
OPTkey     = {},
OPTvolume  = {},
OPTnumber  = {},
OPTseries  = {},
OPTaddress = {},
edition    = {3ra},
OPTmonth   = {},
note       = {RevisiÃÂ³n por Carlos Sabino y JesÃÂºs Reyes Caracas},
OPTannote  = {},
OPTurl     = {},
OPTdoi     = {},
OPTissn    = {},
OPTlocalfile = {},
OPTabstract = {}
}

@BOOK{Pardinas94,
  AUTHOR =       "Felipe Pardinas",
  TITLE =        "MetodologÃÂ­a y TÃÂ©cnica de InvestigaciÃÂ³n en Ciencias Sociales",
  PUBLISHER =    "MÃÂ©xico",
  YEAR =         "1994",
  ISBN =	     "",
}

\end{thebibliography}