% Responsable   :
% BibbliografÃÂ­a : Economia Digital
% VersiÃÂ³n       : 1
\begin{thebibliography}{}


@BOOK{Castells01,
  AUTHOR =       "Manuel Castells",
  TITLE =        "La galaxia Internet",
  PUBLISHER =    "Plaza \& Janes Barcelona",
  YEAR =         "2001",
  ISBN =	     "",
}


@BOOK{Barea00,
  AUTHOR =       "Maite Barea",
  TITLE =        "GlobalizaciÃÂ³n y nueva economÃÂ­a",
  PUBLISHER =    "Oikos Nomos",
  YEAR =         "2000",
  ISBN =	     "",
}


@BOOK{Tapscott01,
  AUTHOR =       "Don Tapscott",
  TITLE =        "La creaciÃÂ³n del valor en la economÃÂ­a digital",
  PUBLISHER =    "Harvard Business Review Book",
  YEAR =         "2001",
  ISBN =	     "",
}



@BOOK{Alvarez01,
  AUTHOR =       "Roberto Alvarez Roldan",
  TITLE =        "El lado humano de la EconomÃÂ­a Digital",
  PUBLISHER =    "Andersen Consulting",
  YEAR =         "2001",
  ISBN =	     "",
}

@BOOK{Velasco02,
  AUTHOR =       "Roberto Velasco",
  TITLE =        "Del Mito a la Realidad",
  PUBLISHER =    "Tuscuts Editores S.A. Barcelona",
  YEAR =         "2002",
  ISBN =	     "",
}

\end{thebibliography}