\begin{thebibliography}{}

@Book{Catecismo,
  author = {{ComisiÃÂ³n Redactora del Catecismo}},
  title =  "Catecismo de la Iglesia CatÃÂ³lica",
  publisher = "Conferencia Episcopal de Colombia",
  year =   "1993"
}

@Book{JuanPabloII,
  author = {{S.S Juan Pablo II}},
  title =  "ExhortaciÃÂ³n ApostÃÂ³lica Post Sinodal Familiaris Consortio"
}

@Book{Pontificio,
  author = {{Pontificio Consejo Justicia y Paz}},
  title =  "Compendio de la Doctrina Social de la Iglesia",
  year = "2005"
}

@Book{Concilio,
  author = {{Concilio Vaticano II}},
  title =  "ConstituciÃÂ³n Gaudium et spes"
}

@Book{SantaSede,
  author = {{Santa Sede}},
  title =  "Carta de los Derechos de la Familia",
  year = "1983"
}

@Book{Consejo,
  author = {{Consejo Pontificio para la Vida}},
  title =  "LexicÃÂ³n. TÃÂ©rminos ambiguos y discutidos sobre familia, vida y cuestiones ÃÂ©ticas",
  publisher = "Ediciones Palabra",
  year =   "2004"
}

@Book{Ratzinger,
  author = "Joseph Ratzinger",
  title =  "IntroducciÃÂ³n al Cristianismo",
  publisher = "SÃÂ­gueme",
  year =   "2001"
}

@Book{Biblia,
  author = "Biblia",
  title =  "Sagrada Biblia", 
  publisher = "Editorial DescleÃÂ© de Brower Bilbao EspaÃÂ±a",
  year =   "1975"
}

\end{thebibliography}
