@Book{Case93,
ALTauthor = {Case & Fair},
ALTeditor = {},
title     = {Fundamentos de EconomÃÂ­a},
publisher = {},
year      = {1993},
OPTkey    = {},
OPTvolume = {},
OPTnumber = {},
OPTseries = {},
OPTaddress= {},
OPTedition= {},
OPTmonth  = {},
OPTnote   = {},
OPTannote = {}
}
@Book{Fernandez99,
ALTauthor = {Jorge FernÃÂ¡ndez Baca},
ALTeditor = {},
title     = {MicroeconomÃÂ­a. TeorÃÂ­a y aplicaciones},
publisher = {},
year      = {1999},
OPTkey    = {},
OPTvolume = {},
OPTnumber = {},
OPTseries = {},
OPTaddress= {},
OPTedition= {},
OPTmonth  = {},
OPTnote   = {},
OPTannote = {}
}
@Book{Blanchard00,
ALTauthor = {Olivier Blanchard},
ALTeditor = {},
title     = {Macroeconomia},
publisher = {},
year      = {2000},
OPTkey    = {},
OPTvolume = {},
OPTnumber = {},
OPTseries = {},
OPTaddress= {},
OPTedition= {},
OPTmonth  = {},
OPTnote   = {},
OPTannote = {}
}