@Book{Quijano92,
author    = {Anibal Quijano},
ALTeditor = {},
title     = {Identidad y naciÃÂ³n en el PerÃÂº},
publisher = {Editorial Sur},
year      = {1992},
OPTkey    = {},
OPTvolume = {},
OPTnumber = {},
OPTseries = {},
OPTaddress= {},
OPTedition= {},
OPTmonth  = {},
OPTnote   = {},
OPTannote = {}
}
@Book{Mariategui91,
author    = {JosÃÂ© Carlos MariÃÂ¡tegui},
ALTeditor = {},
title     = {Siete ensayos de interpretaciÃÂ³n de la realidad peruana},
publisher = {Editorial Amauta},
year      = {1991},
OPTkey    = {},
OPTvolume = {},
OPTnumber = {},
OPTseries = {},
OPTaddress= {},
OPTedition= {},
OPTmonth  = {},
OPTnote   = {},
OPTannote = {}
}
@Book{Marticona93,
author    = {Miguel Marticona Estrada},
ALTeditor = {},
title     = {La idea de la naciÃÂ³n en el PerÃÂº},
publisher = {EdiciÃÂ³n Sequilao},
year      = {1993},
OPTkey    = {},
OPTvolume = {},
OPTnumber = {},
OPTseries = {},
OPTaddress= {},
OPTedition= {},
OPTmonth  = {},
OPTnote   = {},
OPTannote = {}
}
@Book{Kapsoli93,
author    = {Wilfredo Kapsoli},
ALTeditor = {},
title     = {Modernidad y tradiciÃÂ³n PerÃÂº siglos XVI-XX},
publisher = {Editorial Lumen},
year      = {1993},
OPTkey    = {},
OPTvolume = {},
OPTnumber = {},
OPTseries = {},
OPTaddress= {},
OPTedition= {},
OPTmonth  = {},
OPTnote   = {},
OPTannote = {}
}

