% Responsable   :
% BibbliografÃÂ­a : LegislaciÃÂ³n Universitaria
% VersiÃÂ³n       : 1
\begin{thebibliography}{}

% Otros
@Misc{Asamblea08,
OPTkey = {},
author = {Asamblea Constituyente},
title = {ConstituciÃÂ³n PolÃÂ­tica del Ecuador},
howpublished = {Registro Oficial 449},
month = {Octubre},
year = {2008},
OPTnote = {},
OPTannote = {},
OPTurl = {},
OPTdoi = {},
OPTissn = {},
OPTlocalfile = {},
OPTabstract = {}
}

% Otros
@Misc{Gregorio08,
OPTkey = {},
author = {Universidad San Gregorio de Portoviejo},
title = {Estatuto de la Universidad San Gregorio de Portoviejo},
howpublished = {ResoluciÃÂ³n CONESUP},
OPTmonth = {},
year = {2008},
OPTnote = {},
OPTannote = {},
OPTurl = {},
OPTdoi = {},
OPTissn = {},
OPTlocalfile = {},
OPTabstract = {}
}


% Otros
@Misc{Congreso00,
OPTkey = {},
author = {Congreso Nacional},
title = {Ley de EducaciÃÂ³n Superior del Ecuador},
howpublished = {Registro Oficial 77},
month = {Mayo},
year = {2000},
OPTnote = {},
OPTannote = {},
OPTurl = {},
OPTdoi = {},
OPTissn = {},
OPTlocalfile = {},
OPTabstract = {}
}


\end{thebibliography}