\begin{thebibliography}{}

@Book{Catecismo,
  author = "ComisiÃÂ³n Redactora del Catecismo",
  title =  "Catecismo de la Iglesia CatÃÂ³lica",
  publisher = "Conferencia Episcopal de Colombia",
  year =   "1993"
}

@Book{Ratzinger,
  author = "Joseph Ratzinger",
  title =  "IntroducciÃÂ³n al Cristianismo",
  publisher = "SÃÂ­gueme",
  year =   "2001"
}

@Book{Biblia,
  author = "Biblia",
  title =  "Sagrada Biblia", 
  publisher = "Editorial DescleÃÂ© de Brower Bilbao EspaÃÂ±a",
  year =   "1975"
}

\end{thebibliography}
