\begin{thebibliography}{}

@Book{Altamirano2008,
 title = {El arte de la oratoria},
 author = {YamandÃÂº Altamirano},
 publisher = {Editorial San Marcos, Lima PerÃÂº},
 year = {2008},
}

@Book{Monroe,
 title = {La comunicaciÃÂ³n oral},
 publisher = {Hispano Europea},
 year = {1976},
 author = {Monroe, A. y Ehninger D.},
}

@Book{Rodriguez,
 title = {Bases de la Oratoria Moderna},
 author = {MarÃÂ­a L. RodrÃÂ­guez},
}

@Book{SaberHablar2008,
 title = {Saber hablar},
 publisher = {Editorial Aguilar, MÃÂ©xico},
 year = {2008},
 author = {Antonio Briz and Marta Albelda and Jose Maria FernÃÂ¡ndez and Antonio Hidalgo and Raquel Pinilla and Salvador Pons},
}

@Book{ManuelOratoria2008,
 title = {Manual de Oratoria},
 publisher = {Editorial Palomino, Lima PerÃÂº},
 year = {2008},
 author = {NÃÂ©stor Purisaca},
 edition = {Segunda},
}

@Book{ComoHablarBienenPublico2004,
 title = {Como hablar bien en pÃÂºblico},
 publisher = {Editorial Edaf SA. Madrid EspaÃÂ±a},
 year = {2004},
 author = {Reynaldo Polito},
}

\end{thebibliography}
