\begin{thebibliography}{}

@Book{Schmidi,
author    = {Eduardo Schmidi},
title     = {ÃÂtica y negocios para AmÃÂ©rica Latina},
publisher = {Universidad del PacÃÂ­fico},
address   = {Lima-PerÃÂº},
year      = {2006},
edition   = {3ra EdiciÃÂ³n},
note      = {UCSP:174.4 S29},
}

@Book{Hernandez2006,
author    = {Alberto HernÃÂ¡ndez-Baqueiro},
title     = {ÃÂtica actual y profesional. Lecturas para la convivencia global en el siglo XXI},
publisher = {International Thomson Editores, S.A.},
year      = {2006},
address   = {MÃÂ©xico},
note      = {UCSP:174.4 H44},
}

@Book{Bilbao2006,
author    = {Galo Bilbao and Javier Fuertes and JosÃÂ© Ma. Guibert},
title     = {ÃÂtica para ingenieros},
publisher = {DesclÃÂ©e De Brouwer},
year      = {2006},
note       = {UCSP:174.962 B55},
}

@Book{Foley2002,
author    = {John P. Foley and Pierfranco Pastore},
title     = {ÃÂtica en Internet},
publisher = {Pontificio Consejo para las Comunicaciones Sociales},
year      = {2002},
}

@Book{IEEE2010CodeOfEthics,
author    = {IEEE},
title     = {IEEE Code of Ethics},
publisher = {IEEE},
year      = {2013},
note      = {http://www.ieee.org/about/ethics\_code/index.html},
}

\end{thebibliography}