\begin{thebibliography}{}

@Book{VAB1965,
  author    = {VÃÂ­ctor AndrÃÂ©s Belaunde},
  title     = {Peruanidad},
  publisher = {Studium. Lima},
  note      = {pp. 14-27},
  year      = {1965}
}

@InProceedings{Porras1935,
author     = {RaÃÂºl Porras Barrenechea},
title      = {El legado quechua},
booktitle  = {Publicado en Revista de la Universidad CatÃÂ³lica del PerÃÂº},
pages      = {142-148},
year       = {1935},
number     = {13},
month      = {Mayo}
}

@Book{Messori96,
  author    = {Vittorio Messori},
  title     = {Leyendas Negras de la Iglesia},
  publisher = {Planeta S.A., Barcelona},
  note      = {pp. 22-30},
  year      = {1996}
}

@Book{Estenos,
  author    = {EstenÃÂ³s A.},
  title     = {Desarrollo y Cultura en AmÃÂ©rica Latina: principales lÃÂ­neas de reflexiÃÂ³n en la actualidad},
  publisher = {UCSP},
  year      = {2008}
}

@Book{Estenos1,
  author    = {EstenÃÂ³s A.},
  title     = {AproximaciÃÂ³n al sistema PolÃÂ­tico Peruano.},
  publisher = {UCSP},
  year      = {2009}
}

@Book{Estenos2,
  author    = {EstenÃÂ³s A.},
  title     = {Desarrollo y Cultura en AmÃÂ©rica Latina: principales lÃÂ­neas de reflexiÃÂ³n en la actualidad},
  publisher = {UCSP},
  year      = {2008}
}


@Book{Morande,
  author    = {MorandÃÂ©, Pedro},
  title     = {Cultura y ModernizaciÃÂ³n en AmÃÂ©rica Latina},
  publisher = {Ediciones Encuentro}
}

@Book{Busto,
  author    = {Del Busto Duthurburu, JosÃÂ© Antonio},
  title     = {El mestizaje en el PerÃÂº},
  publisher = {Universidad de Piura},
  year      = {1993}
}

@Article{Klinge1999,
author    = {Doig Klinge},
title     = {AmÃÂ©rica Latina, identidad y destino},
journal   = {VE},
year      = {1999},
number    = {44},
pages     = {27-46},
month     = {Sep-Dic}
}

@Article{Figari1992,
author    = {Luis Fernando Figari~Rodrigo},
title     = {EvangelizaciÃÂ³n, promociÃÂ³n humana y reconciliaciÃÂ³n en la forja de AmÃÂ©rica Latina},
journal   = {VE},
year      = {1992}
}

@Article{Figari2000,
author    = {Luis Fernando Figari~Rodrigo},
title     = {PerÃÂº, pueblo con vocaciÃÂ³n continental},
journal   = {VVAA Iglesia y cultura Latinoamericana},
year      = {2000},
pages     = {437-489},
note      = {CELAM, BogotÃÂ¡}
}

@Book{delaPuente1970,
	author    = {JosÃÂ© A. de~la~Puente~Candamo},
	title     = {Notas Sobre la Causa de la Independencia del PerÃÂº},
	publisher = {},
	note      = {13-18, 27-28, 39-42, 53-56},
	year      = {1970}
}

@Book{Mariategui,
	author    = {MariÃÂ¡tegui, J.},
	title     = {Los Siete Ensayos de InterpretaciÃÂ³n de la Realidad Peruana},
	publisher = {Biblioteca Amauta},
	year      = {1995}
}

@Book{PersonaCultura,
  author    = {UCSP},
  title     = {Revista de la UCSP: Persona y Cultura},
  number    = {4},
  series    = {4},
  note      = {9-41},
  publisher = {UCSP},
  year      = {2001}
}

@InBook{Mujica1992,
author = {Rosa MarÃÂ­a Mujica},
title = {EducaciÃÂ³n en crisis},
chapter = {EducaciÃÂ³n Peruana: Problemas y Esperanzas},
publisher = {CIUP-Fe y AlegrÃÂ­a},
year = {1992},
address = {Lima},
pages = {13-27}
}

@Book{Cardo2005,
  author    = {AndrÃÂ©s CardÃÂ³~Franco},
  title     = {La Iglesia y la EducaciÃÂ³n en el PerÃÂº},
  publisher = {UCSP},
  year      = {2005}
}

@Book{deSoto1987,
  author    = {Hernando de~Soto},
  title     = {El otro Sendero},
  publisher = {ILD. BogotÃÂ¡},
  note      = {pp. 3-16},
  year      = {1987}
}

@Book{BASADRE,
  author    = {Jorge Basadre},
  title     = {PerÃÂº, Problema y Posibilidad},
  publisher = {Studium. Lima},
  year      = {1981}
}

@Book{ADDCOT2000b,
  author    = {ADDCOT},
  title     = {ADDCOT: Omisiones a la verdad: ?`Y la reconciliaciÃÂ³n?},
  publisher = {AsociaciÃÂ³n Defensores de la Democracia contra el Terrorismo},
  year      = {2006}
}

@Book{ABUSADA2007,
  author    = {Cusato A. Abusada},
  title     = {Creicimiento e Instituciones en el PerÃÂº},
  publisher = {Instituto Peruano de EconomÃÂ­a},
  year      = {2007}
}

@Book{BenedictoXVI,
  author    = {Benedicto XVI},
  title     = {Carta enciclica Caritas in Veritate},
  publisher = {Ediciones Paulinas.Lima},
  year      = {2009}
}

@Book{Contreras2002,
  author    = {C. Contreras},
  title     = {Centralismo en su perspectiva histÃÂ³rica},
  publisher = {IEP},
  year      = {2002}
}

@Book{PEASE1999,
  author    = {Pease Franklin},
  title     = {Breve Historia ContemporÃÂ¡nea del PerÃÂº},
  publisher = {Fondo de Cultura EconÃÂ³mica.MÃÂ©xico},
  year      = {1999}
}

@Book{Barnechea,
  author    = {Barnechea A.},
  title     = {La Republica Embrujada},
  publisher = {Editorial Aguilar},
  year      = {1995}
}

\end{thebibliography}