
@Book{Altamirano2008,
 title = {El arte de la oratoria},
 author = {Yamandú Altamirano},
 publisher = {Editorial San Marcos, Lima Perú},
 year = {2008},
}

@Book{Monroe,
 title = {La comunicación oral},
 publisher = {Hispano Europea},
 year = {1976},
 author = {A. Monroe and D. Ehninger},
}

@Book{Rodriguez,
 title = {Cómo manejar la información en una presentación},
 author = {María L. Rodríguez},
}

@Book{SaberHablar2008,
 title = {Saber hablar},
 publisher = {Editorial Aguilar, México},
 year = {2008},
 author = {Antonio Briz and Marta Albelda and Jose Maria Fernández and Antonio Hidalgo and Raquel Pinilla and Salvador Pons},
}

@Book{ManuelOratoria2008,
 title = {Manual de Oratoria},
 publisher = {Editorial Palomino, Lima Perú},
 year = {2008},
 author = {Néstor Purisaca},
 edition = {Segunda},
}

@Book{ComoHablarBienenPublico2004,
 title = {Como hablar bien en público},
 publisher = {Editorial Edaf SA. Madrid España},
 year = {2004},
 author = {Reynaldo Polito},
}

@Book{XX,
 title = {Manuales y páginas Web: Recursos de apoyo para presentaciones},
}

@Book{Altamirano,
 title = {Discursos famosos de carácter persuasivo},
 publisher = {San Marcos, Lima Perú},
 year = {2009},
 author = {Altamirano, Julca},
}

@Book{Rodriguez,
 title = {Bases de Oratoria Moderna},
 author = {Rodriguez Manrique, M. Lourdes},
}

@Book{MonroeEhninger76,
 title = {El proposito dell discurso: factores orador-mensaje-auditorio},
 publisher = {Editorial Hispano Europea},
 year = {1976},
 author = {A. Monroe and D. Ehninger},
}

@Book{McEntee,
 title = {Comunicación oral},
 publisher = {McGraw ? Hill/ Interamericana editores S.A. México},
 year = {1999},
 author = {McEntee, Helen},
}

@Book{Fonseca,
 title = {Comunicación oral, Fundamentos y práctica estratégica},
 publisher = {México Pearson Educación},
 year = {2005},
 author = {Fonseca Yerena, Socorro},


}
