\begin{thebibliography}{}
@Manual{NotasLiderazgo2006,
title        = {Liderazgo},
OPTkey       = {},
author       = {Centro~Liderazgo~para~el~Desarrollo~UCSP},
organization = {Universidad Católica San Pablo},
OPTaddress   = {},
OPTedition   = {},
OPTmonth     = {},
year         = {2006},
OPTnote      = {},
OPTannote    = {}
}

@Book{TheodorHaecker,
author     = {Theodor Haecker},
ALTeditor  = {},
title      = {?`Qué es el Hombre?},
publisher  = {Guadarrama},
year       = {1947},
OPTkey     = {},
OPTvolume  = {},
OPTnumber  = {},
OPTseries  = {},
OPTaddress = {},
OPTedition = {},
OPTmonth   = {},
OPTnote    = {},
OPTannote  = {}
}

@Book{Guardini1992,
author = {Romano Guardini},
ALTeditor = {},
title = {La Aceptación de Sí Mismo, Las Edades de la Vida},
publisher = {Lumen, Buenos Aires},
year = {1992},
OPTkey = {},
OPTvolume = {},
OPTnumber = {},
OPTseries = {},
OPTaddress = {},
OPTedition = {},
OPTmonth = {},
OPTnote = {},
OPTannote = {}
}

@Book{Hesselbein1999,
author    = {Frances Hesselbein},
ALTeditor = {},
title     = {Leading Beyond the Walls},
publisher = {Jossey Bass Publishers},
year      = {1999},
OPTkey    = {},
OPTvolume = {},
OPTnumber = {},
OPTseries = {},
OPTaddress= {},
OPTedition= {},
OPTmonth  = {},
note      = {The Drucker Foundation},
OPTannote = {}
}

@Book{Cardona,
author = {Cardona Pablo/García Lombardi Pilar},
title = {Cómo desarrollar las Competencias de Liderazgo.},
publisher = {PAD Lima- Perú, Tercera Edición.},
year = {2002}
}


@Book{Ferreiro,
author = {Ferreiro Pablo/Alcázar Manuel.},
title = {Gobierno de Personas en la Empresa.},
publisher = {Ediciones Universidad de Navarra EUNSA},
year = {2009}
}


@Book{Dianine,
author = {Dianine-Havard Alexandre.},
title = {Perfil del Líder. Hacia un Liderazgo Virtuoso.},
publisher = {Ediciones Urano S.A},
year = {2009}
}


@Book{DSouza,
author = {D' Souza, SJ Anthony.},
title = { Descubre tu Liderazgo.},
publisher = {Editorial Sal Terrae.},
}


@Book{Sonnenfeld,
author = {Sonnenfeld Alfred.},
title = {Liderazgo Ético. La Sabiduría de decidir bien.},
publisher = {Ediciones Encuentro S.A Madrid y Nueva Revista de Madrid},
year = {2010}
}


@Book{Wilkinson,
author = {Cardona Pablo/ Helen Wilkinson.},
title = {Creciendo como Líder.},
publisher = {Ediciones Universidad de Navarra S.A (EUNSA), Primera Edición},
year = {2009}
}


@Book{Huete,
author = {Huete Luis.},
title = {Construye tu Sueño.},
publisher = {LID Editorial Empresarial},
year = {2008}
}


@Book{Chinchilla,
author = {Chinchilla Nuria/Moragas Maruja.},
title = {Dueños de Nuestro Destino.},
publisher = {Editorial Ariel},
year = {2007}
}


@Book{Goleman,
author = {Goleman, D.},
title = {Inteligencia emocional.},
publisher = {Editorial Kairós.},
year = {2012}
}


@Book{CardonaP,
author = {Cardona, P., y Peña, C. R.},
title = { Dirección por misiones: Cómo generar empresas de alto rendimiento},
}


@Book{Lencioni,
author = {Lencioni, P.},
title = {Cinco Disfunciones de un Equipo.},
year = {2003}
}


@Book{Hersey,
author = {Hersey, P., Blanchard, K. H., & Johnson, D. E.},
title = {Administración del comportamiento organizacional: liderazgo situacional.},
year = {1998}
}

@Book{Hunsaker,
author = {Hunsaker,Phil.},
title = {El nuevo arte de gestionar equipos: Un enfoque actual para guiar y motivar con éxito.},
year = {2010}
}

@Book{Hunsaker,
author = {Hunsaker,Phil.},
title = {El nuevo arte de gestionar equipos: Un enfoque actual para guiar y motivar con éxito.},
year = {2010}
}


@Book{Hawkins,
author = {Hawkins, Peter.},
title = {Coaching y liderazgo de equipos: coaching para un liderazgo con capacidad de transformación.},
publisher = {Ediciones Granica},
year = {2012}
}


@Book{Ginebra,
author = {Ginebra, G., & Serrabou, G. G.},
title = {Gestión de incompetentes. Libros de Cabecera.},
year = {2010}
}
\end{thebibliography}
