\begin{thebibliography}{}


@Misc{Lessig15,
 author = {Larry ,Lessig.},
 title = {Our democracy no longer represents the people. Here's how we fix it },
 howpublished = {Youtube},
 year = {2015},
 url = {https://www.youtube.com/watch?v=PJy8vTu66tE},
 
}
@Misc{Ashdown14,
 author = {Paddy ,Ashdown.},
 title = {Why democracy is failing},
 howpublished = {Youtube},
 year = {2014},
 url = {https://www.youtube.com/watch?v=TABVtTnBQA8},
 
}

\end{thebibliography}
