@Book{pmbo08,
  author =       "Project Management Institute",
  title =        "PMBOK Guide, 4th Edition",
  publisher =    "Project Management Institute",
  year =         "2008"
}
@Book{pmep09,
  author =       "Rita Mulcahy, PMP",
  title =        "PMP Exam Prep - 6th Edition",
  publisher =    "RMC Publications",
  year =         "2009"
}

@book{garzozi14,
    author =     "René Garzozi Pincay and María Messina Scolaro and Cristian Moncada Marino and José Ochoa Luna and Griselda Ilabel Pérez and Ricardo Zambrano-Segura",
    title =      "Planes de Negocios para Emprendedores",
    publisher=   "Iniciativa Latinoamericana de Libros de Texto Abiertos (LATIn)",
    year =       "2014"
}
