\begin{thebibliography}{}

% BiBTeX data base
%---------------------------------------------------------------------------------------
%% bibtextfile{
%%  author     = "Ernesto Cuadros-Vargas",
%%  version    = "1.0",
%%  date       = "Diciembre, 20 2005",
%%  address    = "UCSP",
%%  email      = ecuadros at spc.org.pe"
%% }
%---------------------------------------------------------------------------------------
}

@Book{Engines84,
author = {Joel Shurkin and W. W. Norton},
ALTeditor = {},
title = {Engines of the Mind: A History of the Computer},
publisher = {},
year = {1984},
OPTkey = {},
OPTvolume = {},
OPTnumber = {},
OPTseries = {},
OPTaddress = {},
OPTedition = {},
OPTmonth = {},
OPTnote = {},
OPTannote = {}
}


@Book{TheDreamMachine91,
author = {Jon Palfreman and Doron Swade},
ALTeditor = {},
title = {The Dream Machine: Exploring the Computer Age},
publisher = {BBC Press (UK)},
year = {1991},
OPTkey = {},
OPTvolume = {},
OPTnumber = {},
OPTseries = {},
OPTaddress = {},
OPTedition = {},
OPTmonth = {},
OPTnote = {},
OPTannote = {}
}

@Book{IEEEJournal,
author = {IEEE},
editor = {David Alan Grier},
title = {IEEE Annals of the History of Computing},
publisher = {IEEE},
year = {2006},
OPTkey = {},
OPTvolume = {},
OPTnumber = {},
OPTseries = {},
OPTaddress = {},
OPTedition = {},
OPTmonth = {},
OPTnote = {},
OPTannote = {}
}


\end{thebibliography}

%%%%%   Fim

