@book{coulouris,
    author      = {Coulouris, George and Dollimore, Jean and Kindberg, Tim and Blair, Gordon},
    title       = {Distributed Systems: Concepts and Design},
    year        = {2011},
    isbn        = {0132143011, 9780132143011},
    edition     = {5th},
    publisher   = {Addison-Wesley Publishing Company},
    address     = {USA},
} 

@book{dongarra,
    author      = {Hwang, Kai and Dongarra, Jack and Fox, Geoffrey C.},
    title       = {Distributed and Cloud Computing: From Parallel Processing to the Internet of Things},
    year        = {2011},
    isbn        = {0123858801, 9780123858801},
    edition     = {1st},
    publisher   = {Morgan Kaufmann Publishers Inc.},
    address     = {San Francisco, CA, USA},
} 

@book{buyya,
    author      = {Buyya, Rajkumar and Vecchiola, Christian and Selvi, S. Thamarai},
    title       = {Mastering Cloud Computing: Foundations and Applications Programming},
    year        = {2013},
    isbn        = {9780124095397, 9780124114548},
    edition     = {1st},
    publisher   = {Morgan Kaufmann Publishers Inc.},
    address     = {San Francisco, CA, USA},
} 

@article{graphlab,
 author = {Low, Yucheng and Bickson, Danny and Gonzalez, Joseph and Guestrin, Carlos and Kyrola, Aapo and Hellerstein, Joseph M.},
 title = {Distributed GraphLab: A Framework for Machine Learning and Data Mining in the Cloud},
 journal = {Proc. VLDB Endow.},
 issue_date = {April 2012},
 volume = {5},
 number = {8},
 month = apr,
 year = {2012},
 issn = {2150-8097},
 pages = {716--727},
 numpages = {12},
 url = {http://dx.doi.org/10.14778/2212351.2212354},
 doi = {10.14778/2212351.2212354},
 acmid = {2212354},
 publisher = {VLDB Endowment},
} 

@article{pregel,
 author = {Malewicz, Grzegorz and Austern, Matthew H. and Bik, Aart J.C and Dehnert, James C. and Horn, Ilan and Leiser, Naty and Czajkowski, Grzegorz},
 title = {Pregel: A System for Large-scale Graph Processing},
 journal = {ACM SIGMOD Record.},
 booktitle = {Proceedings of the 2010 ACM SIGMOD International Conference on Management of Data},
 series = {SIGMOD '10},
 year = {2010},
 isbn = {978-1-4503-0032-2},
 location = {Indianapolis, Indiana, USA},
 pages = {135--146},
 numpages = {12},
 url = {http://doi.acm.org/10.1145/1807167.1807184},
 doi = {10.1145/1807167.1807184},
 acmid = {1807184},
 publisher = {ACM},
 address = {New York, NY, USA},
 keywords = {distributed computing, graph algorigthms},
} 

@inproceedings{giraph,
 author = {Baluja, Shumeet and Seth, Rohan and Sivakumar, D. and Jing, Yushi and Yagnik, Jay and Kumar, Shankar and Ravichandran, Deepak and Aly, Mohamed},
 title = {Video Suggestion and Discovery for Youtube: Taking Random Walks Through the View Graph},
 booktitle = {Proceedings of the 17th International Conference on World Wide Web},
 series = {WWW '08},
 year = {2008},
 isbn = {978-1-60558-085-2},
 location = {Beijing, China},
 pages = {895--904},
 numpages = {10},
 url = {http://doi.acm.org/10.1145/1367497.1367618},
 doi = {10.1145/1367497.1367618},
 acmid = {1367618},
 publisher = {ACM},
 address = {New York, NY, USA},
 keywords = {collaborative filtering, label propagation, random walks, recommendation systems, video search},
} 

