% This file was created with JabRef 2.10.
% Encoding: Cp1252


@Book{Dawson2007,
  Title                    = {Los orígenes de Europa},
  Author                   = {Dawson, Christopher},
  Year                     = {2007},

  Owner                    = {user1},
  Timestamp                = {2014.11.26}
}

@Book{Garcia1960,
  Title                    = {Historia de la iglesia católica : edad nueva. La iglesia en la época del renacimiento y de la reforma católica},
  Author                   = {Garcia Villoslada, Ricardo},
  Publisher                = {Biblioteca de Autores Peruanos},
  Year                     = {1960},

  Comment                  = {270 LL758 t.3},
  Owner                    = {user1},
  Timestamp                = {2014.11.26}
}

@Book{Hubenak2007,
  Title                    = {Historia integral de occidente : desde una perspectiva cristiana},
  Author                   = {Hubeñak, Florencio F.},
  Publisher                = {Buenos Aires: Educa},
  Year                     = {2007},
  Edition                  = {1ª ed., 1ª reimpr.},

  Comment                  = {901 H 85},
  Owner                    = {user1},
  Timestamp                = {2014.11.26}
}

@Book{Krebs2006,
  Title                    = {Breve Historia Universal},
  Author                   = {Krebs, Ricardo},
  Year                     = {2006},

  Owner                    = {user1},
  Timestamp                = {2014.11.26}
}

@Book{saenz1992,
  Title                    = {La cristiandad y su cosmovisión},
  Author                   = {Sáenz, Alfredo},
  Publisher                = {Ediciones Gladius},
  Year                     = {1992}
}

