\begin{thebibliography}{}


@book{Morales13,
  title={Adiós a los MItos de la Innovación : Una Guía Práctica para Innovar en América Latina },
  author={Mario,Morales.},
  year={2013},
  publisher={San José,Costa Rica: Innovare },
}
@book{Ries11,
  title={The lean StartUp:How today is entrepreneurs use continuous innovation to create radically successful businesses. },
  author={Eric,Ries.},
  year={2011},
  publisher={New York,United States:Crown Business.},
}

@book{Estanislao15,
  title={ENCAMBIO:Aprende a modificacr tu cerebro par acambiar tu vida y sentirte mejor(en papel). },
  author={Bachrach,Estanislao.},
  year={2015},
  publisher={BUeno Aires ,Argentina:Conecta.},
}


\end{thebibliography}
