% Responsable   :
% Bibbliografía : Realidad Nacional
% Versión       : 1
\begin{thebibliography}{}


@BOOK{Almeida94,
  AUTHOR =       "Ileana Almeida Velez",
  TITLE =        "Pueblos Indios",
  PUBLISHER =    "Fundación Friedrich Ebert. Quito",
  YEAR =         "1994",
  ISBN =	     "",
}


@BOOK{Huerta99,
  AUTHOR =       "Reinaldo Huerta",
  TITLE =        "La nueva constitución de la república",
  PUBLISHER =    "Quito",
  YEAR =         "1999",
  ISBN =	     "",
}


@BOOK{Acosta95,
  AUTHOR =       "Alberto Acosta",
  TITLE =        "Breve historia económica del Ecuador",
  PUBLISHER =    "Corporacion editora nacional Quito",
  YEAR =         "1995",
  ISBN =	     "",
}



@BOOK{Vicuña07,
  AUTHOR =       "Leonardo Vicuña Izquierdo",
  TITLE =        "Realidad Nacional",
  PUBLISHER =    "Editorial de la serie nuestros valores",
  YEAR =         "2007",
  ISBN =	     "",
}




\end{thebibliography}