@Book{Catecismo,
  author = {{Comisión Redactora del Catecismo}},
  title =  "Catecismo de la Iglesia Católica",
  publisher = "Conferencia Episcopal de Colombia",
  year =   "1993"
}

@Book{JuanPabloII,
  author = {{S.S Juan Pablo II}},
  title =  "Exhortación Apostólica Post Sinodal Familiaris Consortio"
}

@Book{Pontificio,
  author = {{Pontificio Consejo Justicia y Paz}},
  title =  "Compendio de la Doctrina Social de la Iglesia",
  year = "2005"
}

@Book{Concilio,
  author = {{Concilio Vaticano II}},
  title =  "Constitución Gaudium et spes"
}

@Book{SantaSede,
  author = {{Santa Sede}},
  title =  "Carta de los Derechos de la Familia",
  year = "1983"
}

@Book{Consejo,
  author = {{Consejo Pontificio para la Vida}},
  title =  "Lexicón. Términos ambiguos y discutidos sobre familia, vida y cuestiones éticas",
  publisher = "Ediciones Palabra",
  year =   "2004"
}

@Book{Ratzinger,
  author = "Joseph Ratzinger",
  title =  "Introducción al Cristianismo",
  publisher = "Sígueme",
  year =   "2001"
}

@Book{Biblia,
  author = "Biblia",
  title =  "Sagrada Biblia", 
  publisher = "Editorial Descleé de Brower Bilbao España",
  year =   "1975"
}


