% This file was created with JabRef 2.10.
% Encoding: Cp1252


@Book{Benedicto2009,
  Title                    = {Caritas in veritate},
  Author                   = {Benedicto, XVI},
  Publisher                = {Paulinas},
  Year                     = {2009},

  Owner                    = {user1},
  Timestamp                = {2014.11.26}
}

@Book{Doig1996,
  Title                    = {Juan Pablo II y la cultura en América Latina},
  Author                   = {Doig, German},
  Publisher                = {Celam Bogota},
  Year                     = {1996},

  Owner                    = {user1},
  Timestamp                = {2014.11.27}
}

@Book{Figari1996,
  Title                    = {Horizontes de la Reconciliación},
  Author                   = {Figari, Luis Fernando},
  Publisher                = {Vida y Espiritualidad},
  Year                     = {1996},

  Owner                    = {user1},
  Timestamp                = {2014.11.27}
}

@Book{Giddens2002,
  Title                    = {Socilogía},
  Author                   = {Giddens, Anthony},
  Publisher                = {Alianza Editorial},
  Year                     = {2002},

  Owner                    = {user1},
  Timestamp                = {2014.11.27}
}

@Article{Guerra2004,
  Title                    = {?`Familia o Familias?},
  Author                   = {Guerra López, Rodrigo},
  Journal                  = {Persona y Cultura},
  Year                     = {2004},

  Owner                    = {user1},
  Timestamp                = {2014.11.27}
}

@Book{Leon2002,
  Title                    = {Carta Encíclica Rerum Novarum},
  Author                   = {León, XIII},
  Publisher                = {Epiconsa},
  Year                     = {2002},

  Owner                    = {user1},
  Timestamp                = {2014.11.27}
}

@Book{Macionis1999,
  Title                    = {Socilogía: La investigación Sociológica},
  Author                   = {Macionis and  Plummer},
  Publisher                = {Prentice Hall Madrid},
  Year                     = {1999},

  Owner                    = {user1},
  Timestamp                = {2014.11.27}
}

@Book{Mendoza1990,
  Title                    = {Introducción a las Ciencias Sociales IV},
  Author                   = {Mendoza and Napoli},
  Publisher                = {Edición Madrid},
  Year                     = {1990},

  Owner                    = {user1},
  Timestamp                = {2014.11.27}
}

@Book{Morande1999,
  Title                    = {Familia y Sociedad},
  Author                   = {Morandé, Pedro},
  Publisher                = {Editorial Universitaria},
  Year                     = {1999},

  Owner                    = {user1},
  Timestamp                = {2014.11.27}
}

@TechReport{pablo1998,
  Title                    = {Encíclica Fides et Ratio},
  Author                   = {Pablo II, Juan},
  Institution              = {14-IX},
  Year                     = {1998},

  Owner                    = {user1},
  Timestamp                = {2014.11.27}
}

@Book{Pablo2010,
  Title                    = {Compendio de Lecturas curso Sociología y Derecho},
  Author                   = {Universidad Católica San Pablo},
  Publisher                = {Universidad Católica San Pablo},
  Year                     = {2010},

  Owner                    = {user1},
  Timestamp                = {2014.11.27}
}

@Book{Pablo2001,
  Title                    = {Persona y cultura : Revista de la Universidad San Pablo},
  Author                   = {Universidad Católica San Pablo},
  Publisher                = {Universidad Católica San Pablo},
  Year                     = {2001},

  Owner                    = {user1},
  Timestamp                = {2014.11.27}
}

