\begin{thebibliography}{}


@Book{Wilson02,
 title = {Intersections of Art, Science and Technology},
 year = {2002},
 author = {S,Wilson.},
 publisher={Cambridge: The MIT Press},

}
@Book{Maeda12,
 title = { Processing: A Programming Handbook for Visual Designers and Artists},
 year = {2012},
 author = {J,Maeda},
 publisher={Cambridge: The MIT Press},
 

}


\end{thebibliography}
