
@BOOK{Sheldon,
  AUTHOR =       "Sheldon M.Ross",
  TITLE =        "Introduction to Probability and Statistics for Engineers and Scientists",
  YEAR =         "2014",
  EDITION =       "5th",
  }

@BOOK{Menden,
  AUTHOR =       "Mendenhall, Beaver",
  TITLE =        "Introducción a la probabilidad y estadística",
  YEAR =         "2014",
  EDITION =       "13th",
  }

