% Responsable     : Luis Díaz Basurco
% Bibliografía de : Probabildades y estadística
% Versión         : 1

@BOOK{Mendenhall97,
  AUTHOR =       "William Mendenhall, Terry Sincich",
  TITLE =        "Probabilidad y Estadística para Ingenerías Ciencias",
  PUBLISHER =    "Prentice Hall Hispanoamericano, S.A.",
  YEAR =         "1997",
  ISBN =         "968-880-960-8",
  }

@BOOK{Meyer70,
  AUTHOR    = {Paul L Meyer},
  TITLE     = {Introductory Probability and Statistical Applications},
  PUBLISHER = {Addison Wesley},
  YEAR      = {1970},
  ISBN      = {0201047101},
}

@BOOK{Devore98,
  AUTHOR =       "Jay L. Devore",
  TITLE =        "Probabilidad y estadística para ingeniería y ciencias",
  PUBLISHER =    "International Thomson Editores ",
  YEAR =         "1998",
  ISBN =         "968-7529-48-2",
}

