% This file was created with JabRef 2.10.
% Encoding: Cp1252


@Book{Figari2002,
  Title                    = {Nostalgia de Infinito},
  Author                   = {Figari, Luis Fernando},
  Publisher                = {Fondo Editorial},
  Year                     = {2002},

  Owner                    = {user1},
  Timestamp                = {2014.11.27}
}

@Book{Frankl2004,
  Title                    = {El hombre en búsqueda de sentido},
  Author                   = {Frankl, Viktor},
  Publisher                = {Herder},
  Year                     = {2004},

  Owner                    = {user1},
  Timestamp                = {2014.11.27}
}

@Book{Fromm1959,
  Title                    = {El arte de amar},
  Author                   = {Fromm, Erich},
  Publisher                = {Ediciones Paidós Ibérica},
  Year                     = {1959},

  Owner                    = {user1},
  Timestamp                = {2014.11.27}
}

@Book{Garcia2000,
  Title                    = {Identidad y Misión de las Universidades Católicas},
  Author                   = {García Quesada, Alfredo},
  Year                     = {2000},

  Owner                    = {user1},
  Timestamp                = {2014.11.27}
}

@Book{Guardini2012,
  Title                    = {Tres escritos sobre la Universidad EUNSA},
  Author                   = {Guardini, Romano},
  Publisher                = {Pamplona},
  Year                     = {2012},

  Owner                    = {user1},
  Timestamp                = {2014.11.27}
}

@Book{Guardini1994,
  Title                    = {La aceptación de sí mismo},
  Author                   = {Guardini, Romano},
  Publisher                = {Lumen},
  Year                     = {1994},

  Owner                    = {user1},
  Timestamp                = {2014.11.27}
}

@Book{Marias1995,
  Title                    = {La Felicidad Humana},
  Author                   = {Marías, Julián},
  Publisher                = {Alianza, Madrid},
  Year                     = {1995},

  Owner                    = {user1},
  Timestamp                = {2014.11.27}
}

@Book{PabloII2012,
  Title                    = {Constitución apostólica ex corde ecclesiae : sobre las universidades católicas},
  Author                   = {Pablo II, Juan},
  Publisher                = {Grafica Editora Don Bosco Salesianos por Siempre S.A.},
  Year                     = {2012},

  Owner                    = {user1},
  Timestamp                = {2014.11.27}
}

@Book{Pieper2007,
  Title                    = {Las Virtudes Fundamentales},
  Author                   = {Pieper, Josef},
  Publisher                = {Ediciones Rialp},
  Year                     = {2007},

  Owner                    = {user1},
  Timestamp                = {2014.11.27}
}

@Book{Rilke1941,
  Title                    = {Los cuadernos de Malte Lauridis Brigge},
  Author                   = {Rilke, Rainer María},
  Publisher                = {Losada},
  Year                     = {1941},

  Owner                    = {user1},
  Timestamp                = {2014.11.27}
}

@Book{Sanz2008,
  Title                    = {El Hombre Moderno: descripción fenomenológica},
  Author                   = {Sanz, Alfredo},
  Publisher                = {Ediciones Gladius},
  Year                     = {2008},

  Owner                    = {user1},
  Timestamp                = {2014.11.27}
}

@Book{Vergara1991,
  Title                    = {La Alegría de ser hombre},
  Author                   = {Vergara, Alfonso},
  Publisher                = {Ediciones Paulinas},
  Year                     = {1991},

  Owner                    = {user1},
  Timestamp                = {2014.11.27}
}

