% This file was created with JabRef 2.10.
% Encoding: Cp1252


@Book{Aopland2010,
  Title                    = {Como escuchar la música},
  Author                   = {Aopland, Aaron},
  Publisher                = {Fondo de cultura económica},
  Year                     = {2010}
}

@Book{Bellenger2007,
  Title                    = {El espacio musical andino},
  Author                   = {Bellenger, Xavier},
  Publisher                = {Instituto Francés de Estudios Andinos},
  Year                     = {2007}
}

@Book{Fubini2004,
  Title                    = {La Estética Musical desde la antiguedad hasta el siglo XX},
  Author                   = {Fubini, Enrico},
  Publisher                = {Publicaciones Universitat de Valencia},
  Year                     = {2004},

  Owner                    = {user1},
  Timestamp                = {2014.11.28}
}

@Book{Fubini2004a,
  Title                    = {El siglo XX: entre música y filosofía},
  Author                   = {Fubini, Enrico},
  Publisher                = {Publicacions Universitat de Valencia},
  Year                     = {2004},

  Owner                    = {user1},
  Timestamp                = {2014.11.28}
}

@Book{Grout2010,
  Title                    = {Historia de la música occidental},
  Author                   = {Grout, Donald and Palisca, Claude},
  Publisher                = {Alianza editorial},
  Year                     = {2010}
}

@Book{Hamel1984,
  Title                    = {Encicopedia de la Música},
  Author                   = {Hamel, Fred and Hürlimann},
  Publisher                = {Ediciones Grijalbo},
  Year                     = {1984}
}

@Book{Tranchefort2010,
  Title                    = {Guía de la música de cámara},
  Author                   = {Tranchefort , Francois-Rene},
  Publisher                = {Alianza Editorial},
  Year                     = {2010},

  Owner                    = {user1},
  Timestamp                = {2014.11.28}
}

