@Book{brookshear,
 title        = {Computer Science: An Overview},
 publisher    = {Addison-Wesley},
 year         = {2008},
 author       = {J. G. Brookshear},
 ALTALTeditor = {},
 OPTkey       = {},
 OPTvolume    = {},
 OPTnumber    = {},
 OPTseries    = {},
 OPTaddress   = {},
 edition      = {10th},
 month = {January},
 note         = {0321524039},
 OPTannote = {},
 OPTurl = {},
 OPTdoi = {},
 OPTissn = {},
 OPTlocalfile = {},
 OPTabstracts = {},
}


@Book{thompson2011,
  author =	{Simon Thompson},
  title =	{The Craft of Functional Programming, 3E},
  publisher =	{Addison Wesley},
  year = 	{2011},
  ISBN = 	{0201882957}
}

@book{guttag2013,
  title ={Introduction To Computation And Programming Using Python},
  author={John V. Guttag},
  isbn  ={9780262519632},
  url   ={http://books.google.com.pe/books?id=19\_CNAEACAAJ},
  year  ={2013},
  edition      = {2013},
  publisher={Mit Press}
}


@book{zelle2010,
  title ={Python Programming: An Introduction to Computer Science},
  author={Jhon Zelle},
  isbn  ={1590282418},
  year  ={2010},
  edition      = {2nd},
  publisher={Franklin, Beedle Associates Inc}
}

@Book{Bird98,
  key =  	"Bird",
  author =	"Richard J. Bird",
  title =	"Introduction to Functional Programming using {Haskell}",
  edition =	"second",
  publisher =	"Prentice-Hall Europe",
  series =	"Prentice-Hall Series in Computer Science",
  address =	"London, UK",
  year = 	"1998",
  annote =	"99 references."
}
