@Book{brookshear,
 title        = {Computer Science: An Overview},
 publisher    = {Addison-Wesley},
 year         = {2008},
 author       = {J. G. Brookshear},
 ALTALTeditor = {},
 OPTkey       = {},
 OPTvolume    = {},
 OPTnumber    = {},
 OPTseries    = {},
 OPTaddress   = {},
 edition      = {10th},
 month = {January},
 note         = {0321524039},
 OPTannote = {},
 OPTurl = {},
 OPTdoi = {},
 OPTissn = {},
 OPTlocalfile = {},
 OPTabstracts = {},
}
















