@book{Deitel2013,
  title={C++ How to Program (Early Objects Version)},
  author={Deitel, P.J. and Deitel, H.M.},
  isbn={9780133378719},
  lccn={2013015133},
  series={Deitel, How to Program},
  url={http://books.google.com.pe/books?id=XIZJNQEACAAJ},
  year={2013},
  publisher={Prentice Hall}
}

@Book{Stroustrup2013,
  author    = "Bjarne Stroustrup",
  title     = "The {C}++ Programming Language",
  publisher = "Addison-Wesley",
  edition   = "4th",
  year      = "2013",
  ISBN      = "978-0-321-56384-2"
}


