@BOOK{Kolman97,
  AUTHOR =       "Kolman, Busby, Ross",
  TITLE =        "Estructuras de Matemáticas Discretas para la Computación",
  PUBLISHER =    "Prentice Hall",
  YEAR =         "1997",
  ISBN =	 " "
  }

@BOOK{Kelley95,
  AUTHOR =       "Dean Kelley",
  TITLE =        "TeorÃ­a de Autómatas y Lenguajes Formales",
  PUBLISHER =    "Prentice Hall",
  YEAR =         "1995",
  ISBN =	 " "
}
 @BOOK{Hopcroft93,
  AUTHOR =       "John E. Hopcroft and Jeffrey D. Ullman",
  TITLE =        "Introducción a la TeorÃ­a de Autómatas, Lenguajes y Computación",
  PUBLISHER =    "CECSA",
  YEAR =         "1993",
  ISBN =	 " "
}
@BOOK{Brookshear93,
  AUTHOR =       "J. Glenn Brookshear",
  TITLE =        "TeorÃ­a de la Computación",
  PUBLISHER =    "Addison Wesley Iberoamericana",
  YEAR =         "1993",
  ISBN =	 " "
  }
