@Book{hen96,
  author =       "Henry E. Bal and Dick Grune",
  title =        "Programming Language Essentials ",
  publisher =    "Addison-Wesley ",
  year =         "1994",
}
@Book{mue04,
  author =       "Conrad Mueller",
  title =        "Addressing: The root of all programming evils",
  publisher =    "Proceedings of the 28th Annual International Computer Software and Applications Conference",
  year =         "2004",
}
@Book{rob05,
  author =       "Robert W. Sebesta",
  title =        "Concepts of Programming Languages",
  publisher =    "Addison-Wesley",
  year =         "2005",
}
@Book{rav96,
  author =       "Ravi Sethi",
  title =        "Programming Languages: Concepts and Constructs, Second Edition",
  publisher =    "Addison Wesley Publishing Company",
  year =         "1996",
}
