\begin{thebibliography}{}

% BiBTeX data base
%---------------------------------------------------------------------------------------
%% bibtextfile{
%%  author     = "Ernesto Cuadros-Vargas",
%%  version    = "1.0",
%%  date       = "Diciembre, 20 2005",
%%  address    = "UCSP",
%%  email      = ecuadros at spc.org.pe"
%% }
%---------------------------------------------------------------------------------------

@Book{Eppen1999,
author = {G. D. Eppen},
ALTeditor = {},
title = {Investigaci贸n de Operaciones},
publisher = {Prentice Hall},
year = {1999},
OPTkey = {},
OPTvolume = {},
OPTnumber = {},
OPTseries = {},
OPTaddress = {},
edition = {5ta},
OPTmonth = {},
mote = {ISBN: 9701702700},
OPTannote = {},
OPTurl = {},
OPTdoi = {},
OPTissn = {},
OPTlocalfile = {},
OPTabstract = {}
}

@Book{Izar2010,
author = {Izar Landeta, Juan Manuel},
ALTeditor = {},
title = {Investigaci贸n de Operaciones},
publisher = {Trillas},
year = {2010},
OPTkey = {},
OPTvolume = {},
OPTnumber = {},
OPTseries = {},
OPTaddress = {},
edition = {1era},
OPTmonth = {},
note = {ISBN: 9682481929},
OPTannote = {},
OPTurl = {},
OPTdoi = {},
OPTissn = {},
OPTlocalfile = {},
OPTabstract = {}
}

@Book{Taha2004
author = {Taha},
ALTeditor = {},
title = {Investigaci贸n de Operaciones},
publisher = {Person},
year = {2004},
OPTkey = {},
OPTvolume = {},
OPTnumber = {},
OPTseries = {},
OPTaddress = {},
edition = {7ma},
OPTmonth = {},
note = {ISBN: 9702604982},
OPTannote = {},
OPTurl = {},
OPTdoi = {},
OPTissn = {},
OPTlocalfile = {},
OPTabstract = {}
}

@Book{Hillier2006
author = {Hillier Frederick S.},
ALTeditor = {},
title = {Investigaci贸n de Operaciones},
publisher = {McGraw Hill},
year = {2006},
OPTkey = {},
OPTvolume = {},
OPTnumber = {},
OPTseries = {},
OPTaddress = {},
edition = {8va},
OPTmonth = {},
note = {ISBN: 9701056213},
OPTannote = {},
OPTurl = {},
OPTdoi = {},
OPTissn = {},
OPTlocalfile = {},
OPTabstract = {}
}

\end{thebibliography}

%%%%%   Fim
