@Book{stallings2005,
  author =	{William Stallings},
  title =	{Operating Systems: Internals and Design Principles, 5/E},
  publisher =	{Prentice Hall},
  year = 	{2005},
  ISBN = 	{0-13-147954-7}
}
@Book{tanenbaum2001,
  author =      {Andrew S. Tanenbaum},
  title =       {Modern Operating Systems, 2/E},
  publisher=    {Prentice Hall},
  year=         {2001},
  ISBN=         {0-13-031358-0}
}
@Book{tanenbaum2006,
  author =      {Andrew S. Tanenbaum},
  title =       {Operating Systems Design and Implementation, 3/E},
  publisher=    {Prentice Hall},
  year=         {2006},
  ISBN=         {0-13-142938-8}
}
@Book{mateu1999,
  author =      {Luis Mateu},
  title =       {Apuntes de Sistemas Operativos},
  publisher =   {Universidad de Chile},
  year =        {1999}
}

