@Book{Gonzales07,
author    = {R,C,Gonzales. and R,E, Woods.},
title = {Digital Image Processing},
publisher = {Prentice Hall},
year = {2007},
ISBN =	 {013168728X,978013168728B},

}

@Book{Siegwart04,
author    = {Siegwart, R. and Nourbakhsh, I.},
title = {Introduction to Autonomous Mobile Robots},
publisher = {The MIT Press.},
year = {2004},
ISBN =	 {0-262-19502-X},

}

@Book{Sonka07,
author= {M,Sonka. and V,Hlavac. and R, Boile.},
title = {Image Processing, Analysis and Machine Vision},
publisher = {Cengage-Engineering},
year = {2007},

}

@Book{Trun05,
author    = {S,Thrun. and W,Burgard. and D,Fox.},
title = {Probabilistic Robotics},
publisher = {The MIT Press},
year = {2005},
series = {Intelligent Robots and Autonomous Agents},

}

@Book{Stone00,
author    = {Peter Stone},
title = {Layered Learning in Multiagent Systems},
publisher = {The MIT Press},
year = {2000},
ISBN =	 {9780262194389 },
series = {Intelligent Robots and Autonomous Agents},
}

