
@Book{Pressman2014,
author = {Roger S. Pressman and Bruce Maxim},
title = {Software Engineering: A Practitioner's Approach},
publisher = {McGraw-Hill},
year = {2014},
edition = {8th},
month = {January}
}

@Book{Sommerville2010,
author = {Ian Sommerville },
title = {Software Engineering},
publisher = {Addison-Wesley},
year = {2010},
edition = {9th},
month = {March}
}




