
@Book{ferre97,
  author =       "José Ferre",
  title =        "Investigación de Mercados Estratégica",
  publisher =    "Gestion 2000",
  year =         "1997",
}
@Book{cide04,
  author =       {{Centro de Investigación y Desarrollo - PUCP}},
  title =        "Plan de Negocio en Tecnologías de Información y Comunicación",
  publisher =    "Pontificia Universidad Católica del Perú",
  year =         "2004",
}
@Book{porter98,
  author =       "Michael Porter",
  title =        "Ventaja Competitiva Creación y Sostenimiento de un desempeño superior",
  publisher =    "Compañia editorial Continental",
  year =         "1998",
}
@Book{ludevid94,
  author =       "Manuel Ludevid",
  title =        "Como crear su propia empresa: Factores Claves de Gestión",
  publisher =    "Marcombo Boixareu",
  year =         "1994",
}
@Book{congreso96,
  author =       {{Congreso de la Republica del Perú}},
  title =        "Decreto Legislativo Nº823. Ley de la Propiedad Industrial",
  publisher =    "El Peruano",
  year =         "1996",
}
@Book{congreso97,
  author =       "Congreso de la Republica del Peru",
  title =        "Ley Nº26887. Ley General de Sociedades",
  publisher =    "El Peruano",
  year =         "1997",
}

@book{ries11,
    author = "Eric Ries",
    title = "The Lean Startup: How Today's Entrepreneurs Use Continuous Innovation to Create Radically Successful Businesses",
    publisher= "Crown Business",
    year = "2011"
}

@book{byers10,
    author = "Thomas Byers and Richard Dorf and Andrew Nelson",
    title = "Technology Ventures: From Idea to Enterprise",
    publisher= "McGraw-Hill Science",
    year = "2010"
}


@book{osterwalder10,
    author = "Alexander Osterwalder and Yves Pigneur",
    title = "Business Model Generation: A Handbook for Visionaries, Game Changers, and Challengers",
    publisher= "Wiley",
    year = "2010"
}

@book{blank12,
    author = "Steve Blank and Bob Dorf",
    title = "The Startup Owner's Manual: The Step-By-Step Guide for Building a Great Company",
    publisher= "K and S Ranch",
    year = "2012"
}

@book{garzozi14,
    author = "René Garzozi-Pincay and María Messina-Scolaro and Cristian Moncada-Marino and José Ochoa-Luna and Griselda Ilabel-Pérez and Ricardo Zambrano-Segura",
    title = "Planes de Negocios para Emprendedores",
    publisher= "Iniciativa Latinoamericana de Libros de Texto Abiertos (LATIn)",
    year = "2014"
}


