\begin{thebibliography}{}

% BiBTeX data base
%---------------------------------------------------------------------------------------
%% bibtextfile{
%%  author     = "Ernesto Cuadros-Vargas",
%%  version    = "1.0",
%%  date       = "Diciembre, 20 2005",
%%  address    = "UCSP",
%%  email      = ecuadros at spc.org.pe"
%% }
%---------------------------------------------------------------------------------------

@Book{Morris92,
author = {M. Morris Mano},
ALTeditor = {},
title = {Computer System Architecture},
publisher = {Prentice Hall},
year = {1992},
OPTkey = {},
OPTvolume = {},
OPTnumber = {},
OPTseries = {},
OPTaddress = {},
edition = {3rd},
month = {October},
OPTnote = {0131755633},
OPTannote = {}
}

@Book{BarryBrey05,
author = {Barry B. Brey},
ALTeditor = {},
title = {The Intel Microprocessors: 8086/8088, 80186, 80286, 80386, 80486, Pentium, Pentium Pro, and Pentium II, Pentium III, Pentium 4},
publisher = {Prentice-Hall},
year = {2005},
OPTkey = {},
OPTvolume = {},
OPTnumber = {0131195069},
OPTseries = {},
OPTaddress = {},
edition = {7th},
OPTmonth = {},
OPTnote = {},
OPTannote = {}
}

@Book{Norton88,
author = {Peter Norton},
ALTeditor = {},
title =  {Peter Norton's Assembly Language Book for the IBM PC},
publisher = {Brady Publishing},
year = {1988},
OPTkey = {},
OPTvolume = {},
OPTnumber = {},
series = {Peter Norton Foundation Series},
OPTaddress = {},
OPTedition = {},
OPTmonth = {},
note = {0136624537},
OPTannote = {}
}

\end{thebibliography}

%%%%%   Fim

