\begin{thebibliography}{}

%------------------------------------------------------------------------------------------------------------------------------------------------------------------------------------------------------------------------
%Fundamentos de Administración
%------------------------------------------------------------------------------------------------------------------------------------------------------------------------------------------------------------------------

@book{Stoner1995Management,
author = {James Stoner and Edward R. Freeman and Daniel Gilbert},
title = {Management},
edition = {6th},
year = {1995},
publisher = {Prentice-Hall},
isbn = {8-120-30981-2}
}

@book{Daft2007Management,
author = {Richard L. Daft},
title = {Management},
edition = {8th},
year = {2007},
publisher = {South-Western Pub},
isbn = {0-324-53770-0}
}

@Book{stoner96,
 author =       {James A. F. Stoner and R. Edward Freeman and Daniel R.
Gilbert Jr.},
 title =        {Administración},
 publisher =    {Prentice Hall Hispanoamericana},
 year =         {1996},
 edition =      {Cuarta},
 note =         {ISBN 9688806854}
}

@Book{hezier04:PAO,
 author =       {Jay Hezier and Barry Render},
 title =        {Principios de administración de operaciones},
 publisher =    {Pearson Educación},
 year =         {2004},
 note =         {ISBN 9702605253}}

%------------------------------------------------------------------------------------------------------------------------------------------------------------------------------------------------------------------------
%Aplicaciones Informáticas I
%------------------------------------------------------------------------------------------------------------------------------------------------------------------------------------------------------------------------

@book{Excel2007Walkenbach,
author = {John Walkenbach},
title = {Excel 2007 Bible},
publisher = {Wiley Publishing},
year = {2007},
isbn = {0-470-04403-9}
}

@book{Bain2007OpenOffice,
author = {Mark Alexander Bain},
title = {Learn OpenOffice.org Spreadsheet Macro Programming},
publisher = {Packt Publishing},
year = {2006},
isbn = {1-847-19097-9}
}

@book{Robbins2006WebDesign,
author = {Jennifer Niederst Robbins and Tantek \`Yelik and Derek Featherstone and Aaron Gustafson},
title = {Web Design in a Nutshell: A Desktop Quick Reference},
publisher = {O'Reilly Media, Inc.},
year = {2006},
isbn = {0-596-00987-9}
}

@book{Freeman2005HTML,
author = {Eric Freeman and Elisabeth Freeman},
title = {Head First HTML with CSS \& XHTML},
publisher = {O'Reilly Media, Inc.},
year = {2005},
isbn = {0-596-10197-X}
}

@book{Zakas2007Ajax,
author = {Nicholas C. Zakas and Jeremy McPeak and Joe Fawcett},
title = {Professional Ajax},
publisher = {Wrox},
year = {2007},
isbn = {0-470-10949-1}
}

@book{PPT2007Wempen,
author = {Faithe Wempen},
title = {PowerPoint 2007 Bible},
publisher = {Wiley},
year = {2007},
isbn = {0-470-04368-7}
}

@book{Muir2007PPT,
author = {Nancy Muir},
title = {Microsoft Office PowerPoint 2007 Plain \& Simple},
publisher = {Microsoft Press},
year = {2007},
isbn = {0-735-62295-7}
}

@misc{Sun2008OO,
author = {Sun Microsystems},
title = {OpenOffice Web Page},
note = {http://www.openoffice.org},
year = {2008}
}

%------------------------------------------------------------------------------------------------------------------------------------------------------------------------------------------------------------------------
%Fundamentos de Contabilidad
%------------------------------------------------------------------------------------------------------------------------------------------------------------------------------------------------------------------------

@book{Horngren1996Accounting,
author = {Charles T. Horngren and Michael A. Robinson and Walter T. Harrison},
title = {Accounting},
publisher = {Prentice Hall},
year = {1996},
isbn = {0-133-05822-0}
}

@book{Roman1991Contabilidad,
author = {Isidoro Román-Gil},
title = {Introducción a la Contabilidad},
publisher = {España Comares},
year = {1991}
}

@book{Horngren1998IntroAccounting,
author = {Charles T. Horngren and Gary L. Sundem and William O. Stratton},
title = {Introduction to Management Accounting},
publisher = {Prentice Hall},
year = {1998},
isbn = {0-132-72683-1}
}

@book{Dias1981Fundamentos,
author = {Jorge Dias-Mostos},
title = {Fundamentos de la Contabilidad},
publisher = {Lima Libros Técnicos},
year = {1981}
}

@book{Dias1981Biblioteca,
author = {Jorge Dias-Mostos},
title = {Biblioteca Bilingue de Contabilidad},
publisher = {Lima Libros Técnicos},
year = {1981}
}

%------------------------------------------------------------------------------------------------------------------------------------------------------------------------------------------------------------------------
%Teoría Organizativa
%------------------------------------------------------------------------------------------------------------------------------------------------------------------------------------------------------------------------

@book{Daft2000Organization,
author = {Richard L. Daft},
title = {Organization Theory and Design},
publisher = {Thomson South-Western},
year = {2000},
edition = {7th},
isbn = {0-324-02100-3}
}

@book{Hodge1996OrganizationalTheory,
author = {B.J. Hodge and W.P. Anthony and L.M. Gales},
title = {Organizational Theory: A Strategic Approach},
publisher = {Prentice-Hall.},
year = {1996},
edition = {5th}
}

%------------------------------------------------------------------------------------------------------------------------------------------------------------------------------------------------------------------------
%Comportamiento Organizacional
%------------------------------------------------------------------------------------------------------------------------------------------------------------------------------------------------------------------------

@book{Ivancevich2008Behavior,
author = {John M. Ivancevich and Robert Konopaske and Michael T. Matteson},
title = {Organizational Behavior and Management},
publisher = {McGraw-Hill},
year = {2008},
isbn = {0-073-40508-6}
}

@book{Robbins2002Behavior,
author = {Stephen P. Robbins},
title = {Organizational Behavior},
publisher = {Prentice Hall},
year = {2002},
edition = {10th},
isbn = {0-131-00069-1}
}

%------------------------------------------------------------------------------------------------------------------------------------------------------------------------------------------------------------------------
%Arquitectura y Diseño de E-business
%------------------------------------------------------------------------------------------------------------------------------------------------------------------------------------------------------------------------

@book{Oelkers00Ecommerce,
author = {Dotty Boen Oelkers},
title = {E-Commerce Business},
publisher = {South-Western Pub.},
year = {0-538-69880-2},
isbn = {2000}
}

@book{Iasoni2002Legales,
author = {Marie Iasoni},
title = {Comercio Electrónico Aspectos Legales: un desafio para el derecho peruano},
publisher = {Librería Portocarrero},
year = {2002}
}

@book{Laudon2004Ecommerce,
author = {Keneth C. Laudon and Carol G. Traver},
title = {E-Commerce: business, technology, society},
publisher = {Addison-Wesley/Pearson},
year = {2004},
edition = {3th},
isbn = {0-131-73516-0}
}

@book{Afuah2002InternetBusiness,
author = {Allan Afuah and Christopher L. Tucci and Christopher Tucci},
title = {Internet Business Models and Strategies: Text and Cases},
publisher = {McGraw-Hill},
year = {2002},
edition = {2nd},
isbn = {0-072-51166-4}
}

%------------------------------------------------------------------------------------------------------------------------------------------------------------------------------------------------------------------------
%Fundamentos de Sistemas de Información
%------------------------------------------------------------------------------------------------------------------------------------------------------------------------------------------------------------------------

@book{Oz2002ManagementIS,
author = {Effy Oz},
title = {Management Information Systems},
publisher = {Course Technology},
edition = {5th},
year = {2002},
isbn = {1-418-83597-8}
}

@book{OBrien2005ManagementIS,
author = {James O'Brien and George Marakas},
title = {Management Information Systems},
publisher = {McGraw-Hill},
edition = {7th},
year = {2005},
isbn = {0-072-93588-X}
}

@book{OBrien2008IntroductionIS,
author = {James A. O'Brien},
title = {Introduction to Information Systems},
publisher = {McGraw-Hill},
edition = {14th},
year = {2008},
isbn = {0-073-40292-3}
}

@book{Laudon2007ManagementIS,
author = {Jane P. Laudon},
title = {Management Information Systems},
publisher = {Prentice Hall},
edition = {10th},
year = {2007},
isbn = {0-132-33774-6}
}

@Book{Stair2007FundamentalsIS,
author = {Ralph Stair and George Reynolds},
ALTeditor = {},
title = {Fundamentals of Information Systems},
publisher = {Course Technology},
year = {2007},
OPTkey = {},
OPTvolume = {},
OPTnumber = {},
OPTseries = {},
OPTaddress = {},
edition = {4th},
OPTmonth = {},
note = {978-1423901136},
OPTannote = {},
OPTurl = {},
OPTdoi = {},
OPTissn = {},
OPTlocalfile = {},
OPTabstract = {}
}

%------------------------------------------------------------------------------------------------------------------------------------------------------------------------------------------------------------------------
%Mercadotecnia
%------------------------------------------------------------------------------------------------------------------------------------------------------------------------------------------------------------------------

@book{Kotler2005Marketing,
author = {Philip Kotler and Gary Armstrong},
title = {Principles of Marketing},
publisher = {Prentice Hall},
edition = {11th},
year = {2005},
isbn = {0-131-46918-5}
}

@book{Stanton1986Marketing,
author = {William J. Stanton and Charles Futrell},
title = {Fundamentals of Marketing},
publisher = {McGraw-Hill},
edition = {8th},
year = {1986},
isbn = {0-070-60943-8}
}

@book{Solomon2005Marketing,
author = {Michael R. Solomon and Greg W. Marshall and Elnora Stuart},
title = {Marketing: Real People, Real Choices},
publisher = {Prentice Hall},
edition = {4th},
year = {2005},
isbn = {0-131-44968-0}
}

@book{Zeithaml2002Marketing,
author = {Valarie Zeithaml and Mary Jo Bitner and Dwayne D. Gremler},
title = {Services Marketing},
publisher = {McGraw-Hill},
edition = {3rd},
year = {2002},
isbn = {0-072-47142-5}
}

%------------------------------------------------------------------------------------------------------------------------------------------------------------------------------------------------------------------------
% Liderazgo
%------------------------------------------------------------------------------------------------------------------------------------------------------------------------------------------------------------------------

@book{Daft2005Leadership,
author = {Richard L. Daft},
title = {The Leadership Experience},
publisher = {South-Western College Pub},
edition = {3rd},
year = {2005},
isbn = {0-324-26127-6}
}

@book{Collins2008Level5,
author = {Jim Collins},
title = {Level 5 Leadership: The Triumph of Humility and Fierce Resolve},
publisher = {Harvard Business Review},
year = {2008},
}

@book{Robbins2003Truth,
author = {Stephen P. Robbins},
title = {The Truth About Managing People ... And Nothing But the Truth},
publisher = {FT Press},
year = {2003},
isbn = {0-131-83847-4}
}


@book{Luecke2006Performance,
author = {Richard Luecke and Brian J. Hall},
title = {Harvard Business Essentials: Performance Management: Manage and Improve the Effectiveness of Your Employees},
publisher = {Harvard Business School Press},
isbn = {1-591-39842-8},
year={2006}
}

%------------------------------------------------------------------------------------------------------------------------------------------------------------------------------------------------------------------------
%Sociología
%------------------------------------------------------------------------------------------------------------------------------------------------------------------------------------------------------------------------

@book{Calhoun1996Sociology,
author = {Craig Calhoun and Donald Light and Suzanne Keller},
title = {Sociology},
publisher = {McGraw-Hill},
edition = {7th},
year = {1996},
isbn = {0-070-38069-4}
}

@book{Gelles1995Sociology,
author = {Richard J. Gelles and Ann Levine},
title = {Sociology: An Introduction},
publisher = {McGraw-Hill},
edition = {5th},
year = {1995},
isbn = {0-079-11927-1}
}

@book{Cairo1969Sociologia,
author = {Anibal Cairo},
title = {Sociología del Perú},
publisher = {Rocarme},
year = {1969}
}

%------------------------------------------------------------------------------------------------------------------------------------------------------------------------------------------------------------------------
%Psicología
%------------------------------------------------------------------------------------------------------------------------------------------------------------------------------------------------------------------------

@book{Lahey2008Psychology,
author = {Benjamin B Lahey},
title = {Psychology: An Introduction},
publisher = {McGraw-Hill},
edition = {10th},
year = {2008},
isbn = {0-073-53198-7}
}

@book{Morris2002Psychology,
author = {Charles G. Morris and Albert A. Maisto and Ann Levine},
title = {Psychology: An Introduction},
publisher = {Prentice-Hall},
edition = {11th},
year = {2002},
isbn = {0-130-93927-7}
}

@book{Fedman2006Psychology,
author = {Robert Fedman},
title = {Understanding Psychology},
publisher = {McGraw-Hill},
edition = {8th},
year = {2006},
isbn = {0-073-53193-6}
}

%------------------------------------------------------------------------------------------------------------------------------------------------------------------------------------------------------------------------
%Ecología
%------------------------------------------------------------------------------------------------------------------------------------------------------------------------------------------------------------------------
@book{Nebel1987Environmental,
author = {Bernard J. Nebel and Edward J. Kormondy},
title = {Environmental Science},
publisher = {Prentice-Hall},
edition = {2nd},
year = {1987},
isbn = {0-132-83037-X}
}

@book{Calixto2006Ecologia,
author = {Raul Calixto-Flores and Verónica Hernández-Guzmán and Lucila Herrera-Reyes},
title = {Ecología y Medio Ambiente},
publisher = {Thomson International},
year = {2006},
isbn = {9-706-86535-7}
}

@book{Smith2000Ecology,
author = {Robert Leo Smith and Thomas M. Smith},
title = {Ecology and Field Biology},
publisher = {Prentice Hall},
edition = {6th},
year = {2000},
isbn = {0-321-04290-5}
}

%------------------------------------------------------------------------------------------------------------------------------------------------------------------------------------------------------------------------
%Creación y Organización de Empresas
%------------------------------------------------------------------------------------------------------------------------------------------------------------------------------------------------------------------------

@book{Longenecker2007SmallBusiness,
author = {Justin G. Longenecker and Carlos W. Moore and J. William Petty and Leslie E. Palich},
title = {Small Business Management: Launching and Growing Entrepreneurial Ventures},
publisher = {South-Western College Pub},
edition = {14th},
year = {2007},
isbn = {0-324-56972-6}
}

@book{Franklin1998Empresas,
author = {Enrique Franklin-Fincowsky},
title = {Organización de Empresas, Análisis Diseño y Estructura},
publisher = {McGraw Hill},
year = {1998}
}

%------------------------------------------------------------------------------------------------------------------------------------------------------------------------------------------------------------------------
%Ética Profesional
%------------------------------------------------------------------------------------------------------------------------------------------------------------------------------------------------------------------------

@Book{Reynolds2006ITEthics,
author = {George Reynolds},
ALTeditor = {},
title = {Ethics in Information Technology},
publisher = {},
year = {2006},
OPTkey = {},
OPTvolume = {},
OPTnumber = {},
OPTseries = {},
OPTaddress = {},
edition = {2nd},
month = {June},
note = {978-1418836313},
OPTannote = {},
OPTurl = {},
OPTdoi = {},
OPTissn = {},
OPTlocalfile = {},
OPTabstract = {}
}

@book{Mendell2005ComputerCrime,
author = {Ronald L. Mendell},
title = {Investigating Computer Crime In The 21st Century},
publisher = {Charles C. Thomas Publisher},
edition = {2nd},
year = {2005},
isbn = {0-398-07525-5}
}

@book{Schmidt2000Etica,
author = {Eduardo Schmidt},
title = {Ética y negocios para América Latina},
publisher = {Universidad del Pacífico Lima},
edition = {3rd},
year = {2000}
}

@book{Escola2000Etica,
author = {Rafael Escolá-Gil},
title = {Ética para Ingenieros},
publisher = {Universidad de Navarra},
year = {2000},
isbn = {8-431-31744-2}
}

@book{Gallegos1999Etica,
author = {Héctor Gallegos},
title = {Etica. La Ingeniería},
publisher = {Universidad Peruana de Ciencias Aplicadas},
edition = {2nd},
year = {1999}
}

%------------------------------------------------------------------------------------------------------------------------------------------------------------------------------------------------------------------------
%Aspectos Legales del Desarrollo de SI
%------------------------------------------------------------------------------------------------------------------------------------------------------------------------------------------------------------------------

@book{Erdozain2002PropiedadIntelectual,
author = {José Carlos Erdozaín},
title = {Derecho de autor y propiedad intelectual en Internet},
publisher = {Tecno},
year = {2002},
isbn = {8-430-93817-6}
}

@book{Casanovas2003Juridico,
author = {Pompeu Casanovas},
title = {Internet y Pluralismo Jurídico: Formas emergentes de Regulación},
publisher = {Comares},
year = {2003},
isbn = {9-7884-84446-972}
}

@book{Amor2000EBusiness,
author = {Daniel Amor},
title = {La (R) Evolución E-Business},
publisher = {Prentice Hall},
isbn={9-879-78925-3},
year = {2000}
}

@book{Miguel2002Derecho,
author = {Pedro Alberto de Miguel-Asensio},
title = {Derecho Privado en Internet},
publisher = {Civitas},
year = {2002},
isbn = {8-447-01769-9}
}

@book{Bocsman2005NegociosInternet,
author = {Heriberto Simón Bocsman},
title = {Negocios en Internet},
publisher = {Astrea},
year = {2005}
}

@book{Cabanellas2004DerechoInternet,
author = {Guillermo Cabanellas-de-Las-Cuevas and Angel Montes-de-Oca},
title = {Derecho de Internet},
publisher = {Heliasta},
year = {2004},
isbn = {9-508-85050-7}
}

@book{Fernandez2004InternetJuridica,
author = {Horacio Fernández-Delpech},
title = {Internet: Su Problemática Jurídica},
publisher = {Lexis-Nexis},
edition = {2nd},
year = {2004}
}

@book{Carranza2004SoftwareLubreJuridica,
author = {Martín Carranza-Torres},
title = {Problemática Jurídica del Software Libre},
publisher = {Lexis-Nexis},
year = {2004}
}

%------------------------------------------------------------------------------------------------------------------------------------------------------------------------------------------------------------------------
%Evaluación de Proyectos Informáticos
%------------------------------------------------------------------------------------------------------------------------------------------------------------------------------------------------------------------------

@book{Baca2006Proyectos,
author = {Gabriel Baca-Urbina},
title = {Formulación y Evaluación de Proyectos Informáticos},
publisher = {McGraw Hill},
year = {2006},
isbn = {9-701-04827-X}
}

@book{Murphy2002Value,
author = {Tony Murphy},
title = {Achieving Business Value from Technology -- A Practical Guide for Today's Executive},
publisher = {John Wiley \& Sons},
year = {2002},
isbn = {0-471-23230-0}
}

@book{Maizlish2005Portfolio,
author = {Bryan Maizlish and Robert Handler},
title = {IT Portfolio Management Step-by-Step-Unlocking the Business Value of Technology},
publisher = {John Wiley \& Sons},
year = {2005},
isbn = {0-471-64984-8}
}

@book{Keen2003Profitable,
author = {Jack M. Keen and Bonnie Digrius},
title = {Making Technology Profitable: ROI, Road Map to Better Business Cases},
publisher = {John Wiley \& Sons},
year = {2003},
isbn = {0471227331}
}

%------------------------------------------------------------------------------------------------------------------------------------------------------------------------------------------------------------------------
%Gestión del Conocimiento
%------------------------------------------------------------------------------------------------------------------------------------------------------------------------------------------------------------------------

@book{Halpern2002Thought,
author = {Diane F. Halpern},
title = {Thought and Knowledge: An Introduction to Critical Thinking},
publisher = {Lawrence Erlbaum},
edition = {4th},
year = {2002},
isbn = {0-805-83966-6}
}

@book{Tiwana1999Knowledge,
author = {Amrit Tiwana},
title = {The Knowledge Management Toolkit: Practical Techniques for Building a Knowledge Management System},
publisher = {Pearson Education},
year = {1999},
isbn = {0130128538}
}

%------------------------------------------------------------------------------------------------------------------------------------------------------------------------------------------------------------------------
%Gestión de Tecnologías de la Información
%------------------------------------------------------------------------------------------------------------------------------------------------------------------------------------------------------------------------

@book{Gray2005MakingDecisions,
author = {Paul Gray},
title = {Manager's Guide to Making Decisions about Information Systems},
publisher = {John Wiley \& Sons},
year = {2005},
isbn = {0471263591}
}

@book{Turban2005ITforManagement,
author = {Efraim Turban and Dorothy Leidner and Ephraim McLean and James Wetherbe},
title = {Information Technology for Management: Transforming Organizations in the Digital Economy},
publisher = {John Wiley \& Sons},
edition = {5th},
year = {2005},
isbn = {0-471-70522-5}
}

@book{McNurlin2005ISManagement,
author = {Barbara C. McNurlin and Ralph H. Sprague},
title = {Information Systems Management in Practice},
publisher = {Prentice Hall},
edition = {7th},
year = {2005},
isbn = {0-131-85471-2}
}

@book{Applegate2002Corporate,
author = {Lynda M Applegate and Robert D. Austin and F. Warren McFarlan},
title = {Corporate Information Strategy and Management},
publisher = {0072456655},
edition = {6th},
year = {2002},
isbn = {0-072-45665-5}
}

@book{Kaplan1996Scorecard,
author = {Robert S. Kaplan and David P. Norton},
title = {The Balanced Scorecard, translating strategy into action},
publisher = {Harvard Business School Press},
year = {1996},
isbn = {0-875-84651-3}
}

@book{Tayntor2005SWImplementation,
author = {Christine B. Tayntor},
title = {Successful Packaged Software Implementation},
publisher = {CRC},
year = {2005},
isbn = {0849334101}
}

%------------------------------------------------------------------------------------------------------------------------------------------------------------------------------------------------------------------------
%Planes de Negocios
%------------------------------------------------------------------------------------------------------------------------------------------------------------------------------------------------------------------------

@book{Stutely2001BusinessPlan,
author = {Richard Stutely},
title = {The Definitive Business Plan: The Fast-track to Intelligent Business Planning for Executives and Entrepreneurs},
publisher = {Financial Times/Prentice Hall},
edition = {2nd},
year = {2001},
isbn = {0273659219}
}

@book{HBSP2007Creating,
author = {Harvard Business School},
title = {Creating a Business Plan},
publisher = {McGraw-Hill},
year = {2007},
isbn = {1422118851}
}

@book{Luecke2004EntToolkit,
author = {Richard Luecke},
title = {The Entrepreneur's Toolkit: Strategies for Success},
publisher = {Harvard Business School Press},
year = {2004},
isbn = {1591394368}
}

@book{HBSP2005BestStrategy,
author = {Harvard Business School},
title = {Strategy: Create and Implement the Best Strategy for Your Business},
publisher = {Harvard Business School Press},
year = {2005},
isbn = {1-591-39632-8}
}

@book{Dollinger2003Entrepreneurship,
author = {Marc Dollinger},
title = {Entrepreneurship: Strategies and Resources},
publisher = {Prentice Hall},
edition = {3rd},
year = {2003},
isbn = {0-130-90995-5}
}

@book{Timmons2003NewVenture,
author = {Jeffry A.Timmons and Stephen Spinelli},
title = {New Venture Creation: Entrepreneurship for the 21st Century},
publisher = {McGraw-Hill},
edition = {6th},
year = {2003},
isbn = {0072875704}
}

@Book{ISACA2008,
author = {ISACA},
ALTeditor = {},
title = {Manual de Preparación al examen CISA 2008},
publisher = {ISACA},
year = {2008},
OPTkey = {},
OPTvolume = {},
OPTnumber = {},
OPTseries = {},
OPTaddress = {},
OPTedition = {},
OPTmonth = {},
note = {ISBN: 9781604200096},
OPTannote = {},
OPTurl = {},
OPTdoi = {},
OPTissn = {},
OPTlocalfile = {},
OPTabstract = {}
}

@Book{ITAuditing2007,
author = {Chris David and Mike Schiller and Kevin Wheeler},
ALTeditor = {},
title = {IT Auditing: Using Contrto Protect Information Assets},
publisher = {McGraw Hill},
year = {2007},
OPTkey = {},
OPTvolume = {},
OPTnumber = {},
OPTseries = {},
OPTaddress = {},
OPTedition = {},
OPTmonth = {},
note = {9780072263435},
OPTannote = {},
OPTurl = {},
OPTdoi = {},
OPTissn = {},
OPTlocalfile = {},
OPTabstract = {}
}

@Book{Cascarino2007,
author = {Richard E. Cascarino},
ALTeditor = {},
title = {Auditor's Guide to Information Systems Auditing},
publisher = {John Wiley \& Sons, Inc.},
year = {2007},
OPTkey = {},
OPTvolume = {},
OPTnumber = {},
OPTseries = {},
OPTaddress = {},
OPTedition = {},
OPTmonth = {},
note = {ISBN: 9780470009895},
OPTannote = {},
OPTurl = {},
OPTdoi = {},
OPTissn = {},
OPTlocalfile = {},
OPTabstract = {}
}

@Book{ITG2005,
author = {{IT~Governance~Institute}},
ALTeditor = {},
title = {COBIT 4.0},
publisher = {IT Governance Institute},
year = {2005},
OPTkey = {},
OPTvolume = {},
OPTnumber = {},
OPTseries = {},
OPTaddress = {},
OPTedition = {},
OPTmonth = {},
note = {ISBN: 1-933284-37-4},
OPTannote = {},
OPTurl = {},
OPTdoi = {},
OPTissn = {},
OPTlocalfile = {},
OPTabstract = {}
}

% Liderazgo

@Book{Hesselbein1999,
author    = {Frances Hesselbein},
ALTeditor = {},
title     = {Leading Beyond the Walls},
publisher = {Jossey Bass Publishers},
year      = {1999},
OPTkey    = {},
OPTvolume = {},
OPTnumber = {},
OPTseries = {},
OPTaddress= {},
OPTedition= {},
OPTmonth  = {},
note      = {The Drucker Foundation},
OPTannote = {}
}

@Book{Covey2004SevenHabits,
author = {Stephen R. Covey},
ALTeditor = {},
title = {The 7 Habits of Highly Effective People},
publisher = {Free Press},
year = {2004},
OPTkey = {},
OPTvolume = {},
OPTnumber = {},
OPTseries = {},
OPTaddress = {},
OPTedition = {},
month = {November},
note = {0743269519},
OPTannote = {},
OPTurl = {},
OPTdoi = {},
OPTissn = {},
OPTlocalfile = {},
OPTabstract = {}
}

% Bases de Datos

@Book{witten01,
  author =       "Ian H. Witten and Eibe Frank",
  title =        "Data Mining: Practical Machine Learning Tools and Techniques, Second Edition",
  publisher =    "Elsevier",
  year =         "2005",
}
@Book{han01,
  author =       "Jiawei Han and Micheline Kamber",
  title =        "Data Mining: Concepts and Techniques",
  publisher =    "Morgan Kaufmann Publishers",
  year =         "2001",
}
@Book{oppel04,
  author =       "Andrew Oppel",
  title =        "Databases Demystified",
  publisher =    "Mc Graw Hill Osborne",
  year =         "2004",
}
@Book{elmasri04,
  author =       "Ramez Elmasri and Shamkant B. Navathe",
  title =        "Fundamentals of Database Systems, Fourth Edition ",
  publisher =    "Addison Wesley",
  year =         "2004",
}
@Book{date04,
  author =       "C.J. Date",
  title =        "Data Mining: Practical Machine Learning Tools and Techniques, Second Edition",
  publisher =    "Elsevier",
  year =         "2005",
}
@Book{celko05,
  author =       "Joe Celko",
  title =        "Joe Celko's SQL Programming Style",
  publisher =    "Elsevier",
  year =         "2005",
}
@Book{kimball04,
  author =       "Ralph Kimball and Margy Ross",
  title =        "The Data Warehouse Toolkit: The Complete Guide to Dimensional Modeling, Second Edition",
  publisher =    "Willey",
  year =         "2004",
}
@Book{inmon04,
  author =       "W. H. Inmon",
  title =        "Building the Data Warehouse, 3rd Edition",
  publisher =    "Willey",
  year =         "2004",
}
@Book{kimball05,
  author =       "Ralph Kimball and Laura Reeves and Margy Ross and Warren Thornthwaite",
  title =        "The Data Warehouse Lifecycle Toolkit : Expert Methods for Designing, Developing, and Deploying Data Warehouses",
  publisher =    "Willey",
  year =         "2005",
}
@Book{veryard94,
  author =       "Richard Veryard",
  title =        "Information Coordination: The Management of Information Models, Systems and Organizations",
  publisher =    "Prentice Hall",
  year =         "1994",
}
@Book{rob04,
  author =       "Peter Rob and Carlos Coronel",
  title =        "Database Systems: Design, Implementation and Management, Sixth Edition",
  publisher =    "Morgan Kaufmann",
  year =         "2004",
}
@Book{simsion04,
  author =       "Graeme Simsion and Graham Witt",
  title =        "Data Modeling Essentials, Third Edition",
  publisher =    "Morgan Kaufmann",
  year =         "2004",
}
@Book{whitehorn01,
  author =       "Mark Whitehorn and Bill Marklyn",
  title =        "Inside Relational Databases, Second Edition",
  publisher =    "Springer",
  year =         "2001",
}
@Book{dietrich01,
  author =       "Suzanne W Dietrich",
  title =        "Understanding Relational Database Query Languages, First Edition",
  publisher =    "Prentice Hall",
  year =         "2001",
}
@Book{harrington02,
  author =       "Jan L. Harrington",
  title =        "Relational Database Design Clearly Explained, Second Edition",
  publisher =    "Morgan Kaufmann",
  year =         "2002",
}
@Book{bernstein97,
  author =       "Philip A. Bernstein and Eric Newcomer",
  title =        "Principles of Transaction Processing, First Edition",
  publisher =    "Morgan Kaufmann",
  year =         "1997",
}
@Book{ozsu99,
  author =       "M. Tamer Ozsu and Patrick Valduriez",
  title =        "Principles of Distributed Database Systems, Second Edition",
  publisher =    "Prentice Hall",
  year =         "1999",
}
@Book{burleson04,
  author =       "Donald K. Burleson",
  title =        "Physical Database Design Using Oracle",
  publisher =    "CRC Press",
  year =         "2004",
}
@Book{tan05,
  author =       "Pang-Ning Tan and Michael Steinbach and Vipin Kumar",
  title =        "Introduction to Data Mining, First Edition",
  publisher =    "Addison Wesley",
  year =         "2005",
}
@Book{korfhage97,
  author =       "Robert R. Korfhage",
  title =        "Information Storage and Retrieval, First Edition",
  publisher =    "Wiley",
  year =         "1997",
}

@Book{brusilovsky98,
  author =       "Peter Brusilovsky and Alfred Kobsa and Julita Vassileva",
  title =        "Adaptive Hypertext and Hypermedia, First Edition",
  publisher =    "Springer",
  year =         "1998",
}

@Book{pung97,
ALTauthor      = {{DISC NUS} and CGS},
editor      = {Hung Keng Pung and Chua Tat Seng and Pung Hung Keng and T. S. Chua},
title       = {Multimedia Modeling, Mmm '97: Modeling Multimedia Information and Systems},
publisher   = {World Scientific Publishing Company},
year        = {1997},
OPTkey      = {},
OPTvolume   = {},
OPTnumber   = {},
OPTseries   = {},
OPTaddress  = {},
OPTedition  = {},
OPTmonth    = {},
note        = {National University of Singapore Dept. of Information Systems and Computer Science (Corporate Author), Computer Graphics Society (Corporate Author)},
OPTannote   = {}
}

@Book{witten02,
  author =       "Ian H. Witten and David Bainbridge",
  title =        "How to Build a Digital Library, First Edition",
  publisher =    "Morgan Kaufmann",
  year =         "2002",
}

@Book{PMI2005,
author = {{PMI~Standards~Committee}},
ALTeditor = {},
title = {A Guide to the Project Management Body of Knowledge},
publisher = {\textit{Project Management Institute}},
year = {2005},
OPTkey = {},
OPTvolume = {},
OPTnumber = {},
OPTseries = {},
OPTaddress = {},
OPTedition = {},
OPTmonth = {},
OPTnote = {},
OPTannote = {},
OPTurl = {},
OPTdoi = {},
OPTissn = {},
OPTlocalfile = {},
OPTabstract = {}
}

@BOOK{InformationSystemsCurricula2002Book,
  AUTHOR      = {John T. Gorgone and Gordon B. Davis and Joseph S. Valacich Heikki Topi and David L. Feinstein and Herbet E. {Longenecker~Jr}},
  _editor     = {xxeditor},
  TITLE       = {Model Curriculum and Guidelines for Undergraduate Degree Programs in Information Systems (IS2002)},
  PUBLISHER   = {ACM, AIS, AITP},
  YEAR        = {2002},
  _volume      = {xxvolume},
  _number     = {xxnumber},
  _series      = {xxseries},
  _address     = {xxaddress},
  _edition     = {xxedition},
  _month       = {xxmonth},
  _note        = {xxnote},
  _abstract    = {xxabstract},
  _isbn        = {xxisbn},
  _price       = {xxprice},
  _keywords    = {xxkeywords},
  _source      = {xxsource},
  _file        = F
}

%-------------------------------
%TI en general
%-------------------------------
@book{ITHWSW2003Englander,
	title			= {The Architecture of Computer Hardware and Systems Software: An Information Technology Approach},
	author 		= {Irv Englander},
	publisher 	= {Wiley},
	edition 		= {3rd},
	isbn 			= {978-0471073253},
	year			= {2003}
}

%-------------------------------
%metodos formales
%-------------------------------

@Book{Hinchey96,
author = {Michael Hinchey and C Neville Dean},
title = {Teaching and Learning Formal Methods},
publisher = {Morgan Kaufmann},
year = {1996},
month = {September}
}

@InProceedings{Guttag91,
author = {John V. Guttag  and James J. Horning},
title = {A Tutorial on {L}arch and {LCL}, a {Larch/C} Interface Language},
BookTitle = {VDM91: Formal Software Development Methods},
address = {Delft},
publisher = {Springer-Verlag Lecture Notes in Computer Science~551},
editor = {Prehn, S. and Toetenel, W. J.},
month = {October},
year = {1991}
}

@Book{Jacky96,
author = {Jonathan Jacky},
title = {The Way of Z: Practical Programming with Formal Methods},
publisher = {Cambridge University Press},
year = {1996},
month = {November}
}


@InCollection{Dean96,
  author    = {Dean and Hinchey},
  editor    = {C. Neville Dean and Michael G. Hinchey},
  title     = {Formal Methods and Modeling in Context},
  booktitle = {Teaching and Learning Formal Methods},
  publisher = {Academic Press},
  year      = {1996},
}

@InCollection{Baugh92,
  author    = {John~W. {Baugh, Jr.}},
  title     = {Formal Specification of Engineering Analysis Programs},
  booktitle = {Expert Systems for Numerical Computing},
  editor    = {E.~N. Houstis and J.~R Rice and R. Vichnevetsky},
  publisher = {North-Holland},
  year      = {1992},
}

@InProceedings{Lau03,
  title      = {Component-Based Software Development and Logic Programming},
  author     = {Kung-Kiu Lau},
  year       = {2003},
  publisher  = {Springer Verlag},
  _bibdate   = {2004-01-07},
  _bibsource = {DBLP, http://dblp.uni-trier.de/db/conf/iclp/iclp2003.html#Lau03},
  booktitle = {ICLP},
  _crossref  = {conf/iclp/2003},
  pages      = {103--108},
}

@Book{Sitaraman00,
  title      = {Foundations of Component-Based Systems},
  year       = {2000},
  key        = {Leavens \& Sitaraman},
  editor     = {Gary T. Leavens and Murali Sitaraman},
  publisher  = {Cambridge University Press},
  address    = {New York, NY},
  ISBN       = {0-521-77164-1},
}

@Book{Neufleder93,
author    = {Dekker Neufelder},
TITLE     = {Ensuring Software Reliability},
publisher = {Marcel Dekker Incorporated},
year      = {1993},
ISBN      = {0-8247-8762-5},
}

@book{peled2001,
 editor = {Doron A. Peled and David Gries and Fred B. Schneider},
 title = {Software reliability methods},
 year = {2001},
 isbn = {0-387-95106-7},
 publisher = {Springer-Verlag New York, Inc.},
 address = {Secaucus, NJ, USA},
}

%--------------------------------
% Ing. de SW
%---------------------------------

@Book{Jalote99,
author    = {Pankaj Jalote},
title     = {{CMM} in Practice},
publisher = {Addison-Wesley},
year      = {1999},
edition   = {1st},
month     = {October}
}

@Book{Peach02,
author    = {Robert W. Peach},
title     = {The ISO 9000 Handbook},
publisher = {QSU Publishing Company},
year      = {2002},
edition   = {4th},
month     = {November}
}

@Book{Schach04,
author    = {Stephen R Schach},
title     = {Object-Oriented and Classical Software Engineering},
publisher = {McGraw-Hill},
year      = {2004},
month     = {January}
}

@Book{Kulpa03,
author    = {Margaret Kulpa and Kent A Johnson},
title     = {Interpreting the {CMM}i},
publisher = {CRC Press},
year      = {2003},
month     = {April}
}

@Book{Leffingwell03,
author    = {Dean Leffingwell and Don Widrig},
title     = {Managing Software Requirements},
publisher = {Addison-Wesley},
year      = {2003},
month     = {May}
}

@Book{Wang00,
author    = {Yingxu Wang and Graham King},
ALTeditor = {},
title     = {Software Engineering Processes: Principles and Applications},
publisher = {CRC Press},
year      = {2000},
month     = {April}
}

@Book{Pressman04,
author = {Roger S. Pressman},
title = {Software Engineering: A Practitioner's Approach},
publisher = {McGraw-Hill},
year = {2004},
edition = {6th},
month = {March}
}

@Book{Blum92,
author = {Bruce I. Blum},
title = {Software Engineering: A Holistic View},
publisher = {Oxford University Press US},
year = {1992},
edition = {7th},
month = {May}
}

@Book{Long91,
author = {F.W. Long},
title = {Software Engineering Environments},
publisher = {Springer},
year = {1991},
series = {Peter Norton Foundation Series},
month = {February}
}

@Book{Keyes04,
author = {Jessica Keyes},
title = {Software Configuration Management},
publisher = {CRC Press},
year = {2004},
month = {February}
}

@Book{Windle02,
author = {Daniel R. Windle and L. Rene Abreo},
title = {Software Requirements Using the Unified Process},
publisher = {Prentice Hall},
year = {2002},
month = {August}
}

@Book{Priest01,
author = {John W. Priest and Jose M. Sanchez},
title = {Product Development and Design for Manufacturing},
publisher = {Marcel Dekker},
year = {2001},
month = {January}
}

@Book{Montangero96,
author = {Carlo Montangero},
title = {Software Process Technology},
publisher = {Springer},
year = {1996},
month = {September}
}

@Book{Ambriola01,
author = {Vincenzo Ambriola},
title = {Software Process Technology},
publisher = {Springer},
year = {2001},
month = {July}
}

@Book{Conradi00,
author = {R Conradi},
title = {Software Process Technology},
publisher = {Springer},
year = {2000},
month = {March}
}

@Book{Oquendo03,
author = {Flavio Oquendo},
title = {Software Process Technology},
publisher = {Springer},
year = {2003},
month = {September}
}

%--------------------------------
% Leng. de prog. 
%---------------------------------

@Book{hen96,
  author =       "Henry E. Bal and Dick Grune",
  title =        "Programming Language Essentials ",
  publisher =    "Addison-Wesley ",
  year =         "1994",
}
@Book{mue04,
  author =       "Conrad Mueller",
  title =        "Addressing: The root of all programming evils",
  publisher =    "Proceedings of the 28th Annual International Computer Software and Applications Conference",
  year =         "2004",
}
@Book{rob05,
  author =       "Robert W. Sebesta",
  title =        "Concepts of Programming Languages",
  publisher =    "Addison-Wesley",
  year =         "2005",
}
@Book{rav96,
  author =       "Ravi Sethi",
  title =        "Programming Languages: Concepts and Constructs, Second Edition",
  publisher =    "Addison Wesley Publishing Company",
  year =         "1996",
}


%--------------------------------
% Sistemas operativos, redes, sist. dist. y otras cosas relacionadas
%---------------------------------

@Book{tanenbaum1996,
  author =      {Andrew S. Tanenbaum},
  title =       {Sistemas Operativos Distribuidos},
  publisher=    {Prentice Hall Hispanoamericana S.A.},
  year=         {1996},
  ISBN=         {9688806277}
}
@Book{orfali1999,
  author =	{Robert Orfali and Dan Harkey and Jeri Edwards},
  title =	{Client/Server Survival Guide},
  publisher =	{Van Nostrand Reinhold},
  year = 	{1999},
  ISBN = 	{0-471-31615-6},
  edition =  {3}
}
@Book{coulouris2005,
  author =	{George Coulouris and Jean Dollimore and Tim Kindberg},
  title =	{Distributed Systems: Concepts and Design},
  publisher =	{Addison-Wesley},
  year = 	{2005},
  ISBN = 	{0 321 26354 5},
  edition =  {4}
}
@Book{sheldon1995,
  author =	{Tom Sheldon},
  title =	{Lan Times - Guía de Interoperabilidad},
  publisher =	{Osborne/McGraw-Hill},
  year = 	{1995},
  ISBN = 	{9780078820434}
}
@Book{sheldon1994,
  author =	{Tom Sheldon},
  title =	{Lan Times, Enciclopedia de Redes, Networking},
  publisher =	{McGraw-Hill},
  year = 	{1994},
  ISBN = 	{0078819652}
}

@Book{tanenbaum2003,
  author =      {Andrew S. Tanenbaum},
  title =       {Redes de Computadoras},
  publisher=    {Prentice Hall},
  year=         {2003},
  ISBN=         {9702601622},
  edition =  {4}
}

@Book{hoque1998,
  author =      {Reaz Hoque},
  title =       {Corba 3 developers guide},
  publisher =   {John Wiley and Sons Ltd},
  year =        {1998},
  ISBN=         {9780764532009}
}

%--------------------------------
% HCI
%---------------------------------

@Book{Baecker2000HCI,
author = {R. Baecker and W. Buxton and J. Grudin},
ALTeditor = {},
title = {Readings in Human-Computer Interaction: Toward the Year 2000},
publisher = {Morgan Kaufmann},
year = {2000},
OPTkey = {},
OPTvolume = {},
OPTnumber = {},
series = {The Morgan Kaufmann Series in Interactive Technologies},
OPTaddress = {},
edition = {2nd Edition},
OPTmonth = {},
OPTnote = {},
OPTannote = {},
isbn = {1558602461}
}

%--------------------------------
% redes
%---------------------------------

@Book{Stalling05,
author = {William Stalling},
ALTeditor = {},
title = {Comunicaciones  y Redes de Computadoras},
publisher = {Prentice Hall},
year = {2005},
OPTkey = {},
OPTvolume = {},
OPTnumber = {},
OPTseries = {},
OPTaddress = {},
edition = {7ma},
month = {June},
note = {8420541109},
OPTannote = {}
}

@Book{Tanenbaum05,
author = {Andrew S. Tanenbaum},
ALTeditor = {},
title = {Redes   de Computadoras},
publisher = {Prentice-Hall},
year = {2005},
OPTkey = {},
OPTvolume = {},
OPTnumber = {0-13-066102-3},
OPTseries = {},
OPTaddress = {},
edition = {7th},
OPTmonth = {},
OPTnote = {},
OPTannote = {}
}

@Book{Cisco04,
author = {Academia cisco Networking, CCNA PRIMER AÑO},
ALTeditor = {},
title = {GUIA DEL PRIMER AÑO  CCNA 1 Y 2},
publisher = {PEARSON EDUCACION},
year = {2004},
OPTkey = {},
OPTvolume = {},
OPTnumber = {},
OPTaddress = {},
OPTedition = {},
OPTmonth = {},
OPTnote = {842054079X},
OPTannote = {}
}

@Book{Deitel04,
author = {Deitel Harvey},
ALTeditor = {},
title = {Redes de compudatoras y Sistemas Operativos},
publisher = {PEARSON EDUCACION},
year = {2004},
OPTkey = {},
OPTvolume = {},
OPTnumber = {},
OPTaddress = {},
OPTedition = {},
OPTmonth = {},
OPTnote = {},
OPTannote = {}
}

@Book{Stevens06,
author = {Richard Stevens},
ALTeditor = {},
title = {TCP/IP and Protocols},
publisher = {Addison-Wesley, 2006},
year = {2006},
OPTkey = {},
OPTvolume = {},
OPTnumber = {},
OPTaddress = {},
OPTedition = {},
OPTmonth = {},
OPTnote = {},
OPTannote = {}
}



@Book{Stevens05,
author = {Richard Stevens},
ALTeditor = {},
title = {TCP/IP and Protocols Implementation},
publisher = {Addison-Wesley, 2005},
year = {2005},
OPTkey = {},
OPTvolume = {},
OPTnumber = {},
OPTaddress = {},
OPTedition = {},
OPTmonth = {},
OPTnote = {},
OPTannote = {}
}

@Book{Stevens07,
author = {Richard Stevens},
ALTeditor = {},
title = {Unix  Network Programming},
publisher = {Addison-Wesley, 2007},
year = {2007},
OPTkey = {},
OPTvolume = {},
OPTnumber = {},
OPTaddress = {},
OPTedition = {},
OPTmonth = {},
OPTnote = {},
OPTannote = {}
}

@Book{Wasserman08,
author = {Margaret Wasserman},
ALTeditor = {},
title = {Engineer Task Force},
publisher = {http://edu.ietf.org/},
year = {2008},
OPTkey = {},
OPTvolume = {},
OPTnumber = {},
OPTaddress = {},
OPTedition = {},
OPTmonth = {},
OPTnote = {},
OPTannote = {}
}



@Book{McNab08,
author = {Chris McNa},
ALTeditor = {},
title = {Network Security Assessment, Know Your Network},
publisher = {Oreilly},
year = {2008},
OPTkey = {},
OPTvolume = {},
OPTnumber = {},
OPTaddress = {},
edition = {Second Edition},
OPTmonth = {},
OPTnote = {},
OPTannote = {}
}

@Book{Gast08,
author = {Matthew Gast},
ALTeditor = {},
title = {802.11 Wireless Networks: The Definitive Guide},
publisher = {O'reilly},
year = {2008},
OPTkey = {},
OPTvolume = {},
OPTnumber = {},
OPTaddress = {},
edition = {Second Edition},
OPTmonth = {},
OPTnote = {},
OPTannote = {}
}

%--------------------------------
% algoritmos
%---------------------------------

@BOOK{Cormen91,
  AUTHOR =       "Thomas H. Cormen and Charles E. Leiserson and Ronald L. Rivest and Clifford Stein",
  TITLE =        "Introduction to Algorithms, Second Edition",
  PUBLISHER =    "MIT Press",
  YEAR =         "2001",
  ISBN =         "0262032937"
  }

@BOOK{Meyer98,
  AUTHOR =       "Bertran Meyer",
  TITLE =        "Construcción de Software Orientado a Objetos",
  PUBLISHER =    "Prentice Hall",
  YEAR =         "1998",
  ISBN =         "84-8322-040-7"
  }


@BOOK{Stroustrup97,
  AUTHOR =       "Bjarne Stroustrup",
  TITLE =        "The C++ Programming Language",
  PUBLISHER =    "Addison-Wesley.",
  YEAR =         "1997",
  ISBN =         "0-201-12078-X"
  }

%--------------------------------
% probailidad y estadistica
%---------------------------------

@BOOK{Mendenhall97,
  AUTHOR =       "William Mendenhall, Terry Sincich",
  TITLE =        "Probabilidad y Estadística para Ingenerías Ciencias",
  PUBLISHER =    "Prentice Hall Hispanoamericano, S.A.",
  YEAR =         "1997",
  ISBN =         "968-880-960-8",
  }

@BOOK{Meyer70,
  AUTHOR    = {Paul L Meyer},
  TITLE     = {Introductory Probability and Statistical Applications},
  PUBLISHER = {Addison Wesley},
  YEAR      = {1970},
  ISBN      = {0201047101},
}

@BOOK{Devore98,
  AUTHOR =       "Jay L. Devore",
  TITLE =        "Probabilidad y estadística para ingeniería y ciencias",
  PUBLISHER =    "International Thomson Editores ",
  YEAR =         "1998",
  ISBN =         "968-7529-48-2",
}


%--------------------------------
% análisis y cálculo
%---------------------------------

@BOOK{Apostol73,
  AUTHOR =       "Tom M Apóstol",
  TITLE =        "Calculus",
  PUBLISHER =    "Editorial Reverté",
  YEAR =         "1973",
  VOLUME =         "II",
}

@BOOK{Simmons95,
  AUTHOR =       {George F Simmons},
  TITLE =        {Calculus With Analytic Geometry },
  PUBLISHER =    {McGraw-Hill Science/Engineering},
  YEAR =         {1995},
  ISBN =         {0070576424},
  }

@BOOK{Bartle76,
  AUTHOR =       {Robert G. Bartle},
  TITLE =        {The Elements of Real Analysis},
  PUBLISHER =    {Wiley; 2 edition},
  YEAR =         {1976},
  ISBN =         {047105464X},
}

%--------------------------------
% desarrollo de sistemas de información
%--------------------------------

@BOOK{Kirikova03ISD,
  AUTHOR =       {Marite Kirikova and Janis Grundspenkis and Wita Wojtkowski and W. Gregory Wojtkowski and Stanislaw Wrycza and Joze Zupancic},
  TITLE =        {Information Systems Development: Advances in Methodologies, Components and Management},
  PUBLISHER =    {Springer},
  YEAR =         {2003},
  ISBN =         {978-0306476983},
}

@BOOK{Avison98ISD,
  AUTHOR =       {D. E. Avison and Guy Fitzgerald},
  TITLE =        {Information Systems Development: Methodologies, Techniques, and Tools},
  PUBLISHER =    {McGraw-Hill},
  EDITION = 	{2nd},
  YEAR =         {1998},
  ISBN =         {978-0077092337},
}

%--------------------------------
% archivos, datos, etc.
%--------------------------------

@BOOK{Folk97FileStructures,
  AUTHOR =       {Michael J. Folk and Bill Zoellick and Greg Riccardi},
  TITLE =        {File Structures: An Object-Oriented Approach with C++},
  PUBLISHER =    {Wesley},
  EDITION = 	{3rd},
  YEAR =         {1997},
  ISBN =         {978-0201874013},
}

%--------------------------------
% tecnologias emergentes y perifericos
%--------------------------------

@BOOK{Gunther00Emerging,
  TITLE =       {Wharton on Managing Emerging Technologies},
  AUTHOR =        {Robert E. Gunther and George S. Day and Paul J. H. Schoemaker},
  PUBLISHER =    {Wiley},
  YEAR =         {2000},
  ISBN =         {978-0471361213},
}

@BOOK{Flores74Peripheral,
  TITLE =       {Peripheral Devices},
  AUTHOR =        {Ivan Flores},
  PUBLISHER =    {Prentice Hall},
  YEAR =         {1974},
  ISBN =         {978-0136572053},
}

%--------------------------------
% arquitectura de computadores
%--------------------------------

@Book{Morris92,
author = {M. Morris Mano},
ALTeditor = {},
title = {Computer System Architecture},
publisher = {Prentice Hall},
year = {1992},
OPTkey = {},
OPTvolume = {},
OPTnumber = {},
OPTseries = {},
OPTaddress = {},
edition = {3rd},
month = {October},
OPTnote = {0131755633},
OPTannote = {}
}

@Book{BarryBrey05,
author = {Barry B. Brey},
ALTeditor = {},
title = {The Intel Microprocessors: 8086/8088, 80186, 80286, 80386, 80486, Pentium, Pentium Pro, and Pentium II, Pentium III, Pentium 4},
publisher = {Prentice-Hall},
year = {2005},
OPTkey = {},
OPTvolume = {},
OPTnumber = {0131195069},
OPTseries = {},
OPTaddress = {},
edition = {7th},
OPTmonth = {},
OPTnote = {},
OPTannote = {}
}

@Book{Norton88,
author = {Peter Norton},
ALTeditor = {},
title =  {Peter Norton's Assembly Language Book for the IBM PC},
publisher = {Brady Publishing},
year = {1988},
OPTkey = {},
OPTvolume = {},
OPTnumber = {},
series = {Peter Norton Foundation Series},
OPTaddress = {},
OPTedition = {},
OPTmonth = {},
note = {0136624537},
OPTannote = {}
}
\end{thebibliography}

%%%%%   Fim

