
@BOOK{Stewart,
  title = {Calculus},
  author = {James Stewart},
  year = {2012},
  edition  = {7th},
  OPeditor = {},
  OPpublisher = {},
  OPowner = {},
  OPtimestamp = {}
}



@BOOK{RonLarson,
  title = {Calculus},
  author = {ROn Larson i√≥n},
  year = {2014},
  edition  = {10th},
  OPeditor = {},
  OPpublisher = {},
  OPowner = {},
  OPtimestamp = {}
}


