% This file was created with JabRef 2.10.
% Encoding: Cp1252


@Book{Calkins1990,
  Title                    = {Visión bíblica tripartita},
  Author                   = {Calkins},
  Year                     = {1990},

  Owner                    = {user1},
  Timestamp                = {2014.11.28}
}

@Book{catolica1984,
  Title                    = {Orientaciones educativas sobre el amor humano: pautas de educación sexual},
  Author                   = {Católica, Iglesia},
  Publisher                = {PPC},
  Year                     = {1984}
}

@Book{CVII2002,
  Title                    = {Gaudium et spes : Constitución Pastoral sobre la Iglesia en el mundo actual},
  Author                   = {{Concilio Vaticano II}},
  Publisher                = {Paulinas},
  Year                     = {2002},

  Owner                    = {user1},
  Timestamp                = {2014.11.26}
}

@Book{Copleston1999,
  Title                    = {El pensamiento de Santo Tomás},
  Author                   = {Copleston, Frederick Charles},
  Publisher                = {Fondo de Cultura Económica},
  Year                     = {1999},

  Owner                    = {user1},
  Timestamp                = {2014.11.28}
}

@Book{Figari2002,
  Title                    = {Nostalgia de infinito},
  Author                   = {Figari, Luis Fernando},
  Publisher                = {Fondo Editorial, FE},
  Year                     = {2002},

  Owner                    = {user1},
  Timestamp                = {2014.11.28}
}

@Book{Figari2000,
  Title                    = {La dimensión de los humano},
  Author                   = {Figari, L. F.},
  Year                     = {2000},

  Owner                    = {user1},
  Timestamp                = {2014.11.28}
}

@Book{Figari2000a,
  Title                    = {La persona humana. En: La iglesia ante el desafío de lo social.},
  Author                   = {Figari, L. F.},
  Year                     = {2000},

  Owner                    = {user1},
  Timestamp                = {2014.11.28}
}

@Book{Garcia2008,
  Title                    = {Antropología filosófica : una introducción a la filosofía del hombre},
  Author                   = {García Cuadrado, José Ángel},
  Publisher                = {Ediciones Universidad de Navarra, S. A.},
  Year                     = {2008},

  Owner                    = {user1},
  Timestamp                = {2014.11.28}
}

@Book{Garcia2000,
  Title                    = {La persona, ser racional},
  Author                   = {García Cuadrado, José Ángel},
  Year                     = {2000},

  Owner                    = {user1},
  Timestamp                = {2014.11.28}
}

@Book{GarciaCuadrado2000,
  Title                    = {La cultura de hoy y la Reconciliación},
  Author                   = {García Cuadrado, José Ángel},
  Year                     = {2000},

  Owner                    = {user1},
  Timestamp                = {2014.11.28}
}

@Electronic{Garcia1994,
  Title                    = {La mismidad},
  Author                   = {García Cuadrado, José Ángel},
  Year                     = {1994},

  Owner                    = {user1},
  Timestamp                = {2014.11.28}
}

@Book{Garcia2010,
  Title                    = {La cultura de hoy y la reconciliación, en: Caridad, reconciliación y dignidad humana},
  Author                   = {García Quesada, Alfredo},
  Publisher                = {Ed. VE},
  Year                     = {2010},

  Owner                    = {user1},
  Timestamp                = {2014.11.28}
}

@Book{Garcia2007,
  Title                    = {La noción de cultura en el horizonte evangelizador, en: La fe y la cultura en el pensamiento católico latinoamericano},
  Author                   = {García Quesada, Alfredo},
  Publisher                = {UCSP},
  Year                     = {2007},

  Owner                    = {user1},
  Timestamp                = {2014.11.28}
}

@Electronic{Guardini2002,
  Title                    = {Quién es el hombre},
  Author                   = {Guardini, R.},
  Year                     = {2002},

  Owner                    = {user1},
  Timestamp                = {2014.11.28}
}

@Book{Krapiec1985,
  Title                    = {I-Man: An Outline of Philosophical Anthropology},
  Author                   = {Krapiec, M.},
  Year                     = {1985},

  Owner                    = {user1},
  Timestamp                = {2014.11.28}
}

@Book{Lepp1980,
  Title                    = {La comunicación de las existencias},
  Author                   = {Lepp, Ignace},
  Publisher                = {Carlos Lohlé},
  Year                     = {1980},

  Owner                    = {user1},
  Timestamp                = {2014.11.28}
}

@Book{marias1996,
  Title                    = {Persona},
  Author                   = {Marías, Julián},
  Publisher                = {Alianza},
  Year                     = {1996}
}

@Book{Melendo2005,
  Title                    = {Introducción a la antropología : la persona},
  Author                   = {Melendo Granados, Tomás},
  Publisher                = {Internacionales Universitarias, S. A.},
  Year                     = {2005},

  Owner                    = {user1},
  Timestamp                = {2014.11.28}
}

@Book{Melendo2005,
  Title                    = {Antropología de la sexusexual humana},
  Author                   = {Melendo Granados, T.},
  Publisher                = {Ediciones Internacionales Universitarias},
  Year                     = {2005},

  Owner                    = {user1},
  Timestamp                = {2014.11.28}
}

@Book{Mounier1988,
  Title                    = {Obras póstumas. Correspondencia},
  Author                   = {Mounier, Emmanuel},
  Publisher                = {Ediciones Sígueme},
  Year                     = {1988},

  Owner                    = {user1},
  Timestamp                = {2014.11.28}
}

@Article{ortega1980,
  Title                    = {El hombre y la gente},
  Author                   = {Ortega, José and others},
  Year                     = {1980},

  Publisher                = {Alianza Editorial}
}

@Book{pablo1998carta,
  Title                    = {Carta encíclica Fides et Ratio},
  Author                   = {Pablo II, Juan},
  Year                     = {1998},

  Institution              = {14-IX},
  Owner                    = {user1},
  Timestamp                = {2014.11.28}
}

@Book{ponferrada1970,
  Title                    = {Introducción al tomismo},
  Author                   = {Ponferrada, Gustavo Eloy and Fontela, Juan Manuel},
  Publisher                = {Eudeba},
  Year                     = {1970}
}

@Book{Rivas2007,
  Title                    = {Terapi de las enfermedades espirituales},
  Author                   = {Rivas Rebaque, Fernando},
  Publisher                = {Ediciones San Pablo},
  Year                     = {2007},

  Owner                    = {user1},
  Timestamp                = {2014.11.28}
}

@Book{Salazar1992,
  Title                    = {Persona Humana y Reconciliación},
  Author                   = {Salazar S., Miguel},
  Publisher                = {Vida y Espiritualidad},
  Year                     = {1992},

  Owner                    = {user1},
  Timestamp                = {2014.11.28}
}

@Book{Stein2007,
  Title                    = {La estructura de la persona humana},
  Author                   = {Stein, Edith},
  Publisher                = {Biblioteca de Autores Cristianos},
  Year                     = {2007},

  Comment                  = {La necesidad que tiene la consideración filosófica del hombre de ser completada, pp. 741-745 (extracto)},
  Owner                    = {user1},
  Timestamp                = {2014.11.28}
}

@Book{Verneaux1997,
  Title                    = {Filosofía del hombre},
  Author                   = {Verneaux, Roger},
  Publisher                = {Herder},
  Year                     = {1997},

  Owner                    = {user1},
  Timestamp                = {2014.11.28}
}

