\begin{thebibliography}{}

@InCollection{Dean96,
  author    = {Dean and Hinchey},
  editor    = {C. Neville Dean and Michael G. Hinchey},
  title     = {Formal Methods and Modeling in Context},
  booktitle = {Teaching and Learning Formal Methods},
  publisher = {Academic Press},
  year      = {1996},
}

@InCollection{Baugh92,
  author    = {John~W. {Baugh, Jr.}},
  title     = {Formal Specification of Engineering Analysis Programs},
  booktitle = {Expert Systems for Numerical Computing},
  editor    = {E.~N. Houstis and J.~R Rice and R. Vichnevetsky},
  publisher = {North-Holland},
  year      = {1992},
}

@InProceedings{Lau03,
  title      = {Component-Based Software Development and Logic Programming},
  author     = {Kung-Kiu Lau},
  year       = {2003},
  publisher  = {Springer Verlag},
  _bibdate   = {2004-01-07},
  _bibsource = {DBLP, http://dblp.uni-trier.de/db/conf/iclp/iclp2003.html#Lau03},
  booktitle = {ICLP},
  _crossref  = {conf/iclp/2003},
  pages      = {103--108},
  _URL       = {"http://springerlink.metapress.com/openurl.asp?genre=article&amp;issn=0302-9743&amp;volume=2916&amp;spage=103}
}

@Book{Sitaraman00,
  title      = {Foundations of Component-Based Systems},
  year       = {2000},
  key        = {Leavens \& Sitaraman},
  editor     = {Gary T. Leavens and Murali Sitaraman},
  publisher  = {Cambridge University Press},
  address    = {New York, NY},
  ISBN       = {0-521-77164-1},
}

@Book{Neufleder93,
author    = {Dekker Neufelder},
TITLE     = {Ensuring Software Reliability},
publisher = {Marcel Dekker Incorporated},
year      = {1993},
ISBN      = {0-8247-8762-5},
}

@book{peled2001,
 editor = {Doron A. Peled and David Gries and Fred B. Schneider},
 title = {Software reliability methods},
 year = {2001},
 isbn = {0-387-95106-7},
 publisher = {Springer-Verlag New York, Inc.},
 address = {Secaucus, NJ, USA},
}

\end{thebibliography}

%%%%%   Fim

