\begin{thebibliography}{}

% BiBTeX data base
%---------------------------------------------------------------------------------------
%% bibtextfile{
%%  author     = "Ernesto Cuadros-Vargas",
%%  version    = "1.0",
%%  date       = "Diciembre, 20 2005",
%%  address    = "UCSP",
%%  email      = ecuadros at spc.org.pe"
%%}
%---------------------------------------------------------------------------------------

@book{Krumm:2009:UCF:1803789,
 author = {Krumm, John},
 title = {Ubiquitous Computing Fundamentals},
 year = {2009},
 isbn = {1420093606, 9781420093605},
 edition = {1st},
 publisher = {Chapman \& Hall/CRC},
} 

@book{AGGL:2005,
 author = {Frank Adelstein, Sandeep KS Gupta, Golden Richard III, Loren Schwiebert},
 title = {Fundamentals of Mobile and Pervasive Computing},
 year = {2005},
 isbn = {0071412379, 9780071412377},
 edition = {1st}
}

@book{Pitoura:1997:DMM:550358,
 author = {Pitoura, Evaggelia and Samaras, George},
 title = {Data Management for Mobile Computing},
 year = {1997},
 isbn = {0792380533},
 publisher = {Kluwer Academic Publishers},
 address = {Norwell, MA, USA},
} 

\end{thebibliography}
%%%%%   Fim
