@BOOK{silberschatz2012,
  AUTHOR =	"Avi Silberschatz, Peter Baer Galvin, Greg Gagne",
  TITLE =	"Operating System Concepts, 9/E",
  PUBLISHER =	"John Wiley \& Sons, Inc.",
  YEAR = 	"2012",
  ISBN = 	"978-1-118-06333-0"
}
@BOOK{stallings2005,
  AUTHOR =	"William Stallings",
  TITLE =	"Operating Systems: Internals and Design Principles, 5/E",
  PUBLISHER =	"Prentice Hall",
  YEAR = 	"2005",
  ISBN = 	"0-13-147954-7"
}
@BOOK{tanenbaum2001,
  AUTHOR =      "Andrew S. Tanenbaum",
  TITLE =       "Modern Operating Systems, 2/E",
  PUBLISHER=    "Prentice Hall",
  YEAR=         "2001",
  ISBN=         "0-13-031358-0"
}
@BOOK{tanenbaum2006,
  AUTHOR =      "Andrew S. Tanenbaum",
  TITLE =       "Operating Systems Design and Implementation, 3/E",
  PUBLISHER=    "Prentice Hall",
  YEAR=         "2006",
  ISBN=         "0-13-142938-8"
}
@BOOK{mateu1999,
  AUTHOR =      "Luis Mateu",
  TITLE =       "Apuntes de Sistemas Operativos",
  PUBLISHER =   "Universidad de Chile",
  YEAR =        "1999"
}


