\begin{thebibliography}{}

% BiBTeX data base
%---------------------------------------------------------------------------------------
%% bibtextfile{
%%  author     = "Dennis Barrios Aranibar",
%%  version    = "1.0",
%%  date       = "Outubro, 13 2009",
%%  address    = "UCSP",
%%  email      = dennisbarrios at gmail.com"
%% }
%---------------------------------------------------------------------------------------

}

@Book{Thrun2005,
author = {Sebastian Thrun and Wolfram Burgard and Dieter Fox},
_editor = {},
title = {Probabilistic Robotics},
publisher = {The MIT Press},
year = {2005},
OPTkey = {},
OPTvolume = {},
OPTnumber = {},
series = {Intelligent Robots and Autonomous Agents},
OPTaddress = {},
edition = {},
OPTmonth = {},
OPTnote = {},
OPTannote = {}
}

@Book{Siegwart2004,
author = {Roland Siegwart and Illah Nourbakhsh},
_editor = {},
title = {Introduction to Autonomous Mobile Robots},
publisher = {The MIT Press},
year = {2004},
OPTkey = {},
OPTvolume = {},
OPTnumber = {},
series = {Intelligent Robots and Autonomous Agents},
OPTaddress = {},
edition = {},
OPTmonth = {},
note = {ISBN:0-262-19502-X},
OPTannote = {}
}

@Book{Gonzales2007,
author = {Rafael C. Gonzales and Richard E. Woods},
editor = {},
title = {Digital Image Processing},
publisher = {Prentice Hall},
year = {2007},
OPTkey = {},
OPTvolume = {},
OPTnumber = {},
series = {},
OPTaddress = {},
edition = {3rd Edition},
OPTmonth = {},
note = {ISBN: 013168728X,978013168728B},
OPTannote = {}
}

@Book{Sonka2007,
author = {Milan Sonka and Vaclav Hlavac and Roger Boile},
_editor = {},
title = {Image Processing, Analysis and Machine Vision},
publisher = {Cengage-Engineering},
year = {2007},
OPTkey = {},
OPTvolume = {},
OPTnumber = {},
series = {},
OPTaddress = {},
edition = {},
OPTmonth = {},
OPTnote = {ISBN: 049508252X, 9780495082521},
OPTannote = {}
}

\end{thebibliography}

%%%%%   Fim

