@BOOK{Russell03,
  author =       {Stuart Russell and Peter Norvig},
  title =        {Inteligencia Artifical: Un enfoque moderno},
  publisher =    {Prentice Hall},
  year =         {2003},
}

@BOOK{Haykin99,
  author =       {Simon Haykin},
  title =        {Neural networks: A Comprehensive Foundation},
  publisher =    {Prentice Hall},
  year =         {1999},
}

@BOOK{Goldberg89,
  author =       {David Goldberg},
  title =        {Genetic Algorithms in Search, Optimization and Machine Learning},
  publisher =    {Addison Wesley},
  year =         {1989},
}

