% Responsable   :
% Bibbliografía : Química General I
% Versión       : 1
\begin{thebibliography}{}

@BOOK{Raymond99,
  AUTHOR =       "Raymond Chang",
  TITLE =        "QUIMICA",
  PUBLISHER =    "Mc Graw Hill, Mexico",
  YEAR =         "1999",
  edition = "4"
  }

@BOOK{Kennet92,
  AUTHOR =       "Kennet W. Whitten and Kennet D. Calley and Raymond E. Davis",
  TITLE =        "QUIMICA GENERAL",
  PUBLISHER =    "Mc Graw Hill, Mexico",
  YEAR =         "1992",
  edition = "3"
}

@Book{Mahan92,
author    = "Mahan Bruce",
title = "QUIMICA CURSO UNIVERSITARIO",
publisher = "FONDO EDUCATIVO INTERAMERICANO, USA",
year = "1992"
}

@BOOK{Ander83,
  AUTHOR =       "Paul Ander and A. Sonnessa",
  TITLE =        "PRINCIPIO DE QUIMICA",
  PUBLISHER =    "Edit. LIMUSA, Mexico",
  YEAR =         "1983"
 }

@BOOK{Masterton98,
  AUTHOR =       "Willian Masterson",
  TITLE =        "QUIMICA GENERAL SUPERIOR",
  PUBLISHER =    "INTERAMERICANA, Mexico",
  YEAR =         "1998"
}

@BOOK{Babor83,
  AUTHOR    = "Babor-Ibarz",
  TITLE     = "QUIMICA GENERAL MODERNA",
  PUBLISHER = "EDITORIAL MARIN S.A., BARCELONA",
  YEAR      = "1983",
  edition = "8"
 }

\end{thebibliography}