\begin{thebibliography}{}

% BiBTeX data base
%---------------------------------------------------------------------------------------
%% bibtextfile{
%%  author     = "Roger Maquito Guti√©rrez",
%%  version    = "1.0",
%%  date       = "Diciembre, 29 2005",
%%  address    = "UCSP",
%%  email      = rmaquito AT gmail.com
%% }
%---------------------------------------------------------------------------------------

@Book{MSaE2014,
 title = {Materials Science and Engineering: An Introduction},
 publisher = {John Wiley \& Sons, Inc.},
 year = {2014},
 author = {Callister,W.D. and Rethwisch,D.G.},

}





\end{thebibliography}

%%%%%   Fim

