% Responsable   :
% Bibbliografía : Fisica 3
% Versión       : 1
\begin{thebibliography}{}

@BOOK{Sears2013,
  AUTHOR =       "Francis W. Sears and Mark W. Zemansky and Hugh D. Young and  Roger Freedman",
  TITLE =        "Física Universitaria",
  PUBLISHER =    "Pearson",                       
  YEAR =         "2013",
  edition = "13"
  }

@BOOK{Serway2008,
  AUTHOR =       "Raymond Serway and John Jewett",
  TITLE =        "Física para ciencias e ingeniería",
  PUBLISHER =    "Cengage Learning",
  YEAR =         "2008",
  edition = "7"
}

@Book{Resnick2015,
    author    = "Robert Resnick and David Halliday and Kenneth Krane",
    title = "Fisica",
    publisher = "CECSA",
    year = "5"
}

\end{thebibliography}