% Responsable   :
% Bibbliografía : Fisica 3
% Versión       : 1
\begin{thebibliography}{}

@BOOK{GuiaLab2018,
  AUTHOR =       "PUCP",
  TITLE =        "Guía del Laboratorio de Fisica 1",
  PUBLISHER =   "Documentos de Física 1 - Campus Virtual de la Pontificia Universidad Católica del Perú",                       
  YEAR =         "2018",
}

@BOOK{Sears2009,
	AUTHOR =       "Francis W. Sears and Mark W. Zemansky and Hugh D. Young and  Roger Freedman",
	TITLE =        "Física Universitaria",
	PUBLISHER =    "Pearson",                       
	YEAR =         "2009",
	edition = "12"
}
  
@BOOK{Resnick2005,
    author    = "Robert Resnick and David Halliday and Kenneth Krane",
    title = "Fisica",
    publisher = "CECSA",
    year = "2005",
    edition = "5"
}

@BOOK{Tipler2010,
	AUTHOR =       "Paul A. Tipler and Gene Mosca",
	TITLE =        "Física",
	PUBLISHER =    "Reverté",                       
	YEAR =         "2010",
	EDITION = "6"
}

\end{thebibliography}