% Responsable   :
% Bibbliografía : Fisica 1
% Versión       : 1
\begin{thebibliography}{}

@BOOK{Douglas2006,
	AUTHOR =       "Giancoli Douglas",
	TITLE =        "Física",
	PUBLISHER =    "Pearson Educación",                       
	YEAR =         "2006",
	edition = "6"
}

@BOOK{Hewitt2004,
	AUTHOR =       "Paul Hewitt",
	TITLE =        "Física Conceptual,
	PUBLISHER =    "Pearson Educación",                       
	YEAR =         "2004",
	edition = "9"
}

@BOOK{Wilson2003,
  AUTHOR =       "J. D. Wilson and A. J. Buffa",
  TITLE =        "Física",
  PUBLISHER =    "Pearson Educación",                       
  YEAR =         "2003",
  edition = "5"
  }

\end{thebibliography}