%%BROWN, T. L.; LE MAY Jr., H. E.; BURSTEN, B. E.
%2009	Química, la ciencia central. 11.a ed. México: Pearson Educación.
%BROWN, L.; HOLME T.
%2015	Chemistry for Engineering Students, 3rd edition, Brooks/Cole-Cengage Learning.
%CHANG, R.
%2010	Química. 10.a ed. México: Mc Graw-Hill.
%KELTER, P.; MOSHER, M.; SCOTT, A.
%2007	Chemistry: The Practical Science. Brooks Cole, 2007.
%SILBERBERG, M.S.
%2009	Chemistry: The Molecular Nature of Matter and Change. 5th ed. New York: McGraw-Hill.
%ZUMDAHL, S.
%2007	Fundamentos de Química, 5a edición. McGraw-Hill.

@book{brown2009química,
  title={Qu{\'\i}mica},
  author={Brown, T.L.},
  isbn={9786074420210},
  url={https://books.google.com.br/books?id=\_z5wPwAACAAJ},
  year={2009},
  publisher={Pearson Educaci{ó}n}
}

@book{brown2014chemistry,
  title={Chemistry for Engineering Students},
  author={Brown, L.S. and Holme, T.},
  isbn={9781285199023},
  lccn={2013938466},
  url={https://books.google.com.br/books?id=5jQaCgAAQBAJ},
  year={2014},
  publisher={Cengage Learning}
}

@book{chang2013química,
  title={Qu{\'\i}mica - 11ed},
  author={Chang, R. and Goldsby, K.A.},
  isbn={9788580552560},
  url={https://books.google.com.br/books?id=tqQ5AgAAQBAJ},
  year={2013},
  publisher={AMGH Editora}
}

@book{paul2007chemistry,
  title={Chemistry: The Practical Science},
  author={Paul B. Kelter and Michael D. Mosher and Scott, A.},
  isbn={9780618000722},
  lccn={2006927034},
  url={https://books.google.com.br/books?id=s\_BgJ3aulIsC},
  year={2007},
  publisher={Houghton Mifflin}
}

@book{silberberg2011chemistry,
  title={Chemistry: The Molecular Nature of Matter and Change},
  author={Silberberg, M.},
  isbn={9780073402659},
  lccn={2010030157},
  url={https://books.google.com.br/books?id=NcL3kQAACAAJ},
  year={2011},
  publisher={McGraw-Hill Education}
}

@book{zumdahl1992fundamentos,
  title={Fundamentos de qu{\'\i}mica},
  author={Zumdahl, S.S. and Ortega, M.T.A. and Murad{á}s, R.M.G.},
  isbn={9789684222991},
  url={https://books.google.com.br/books?id=Ze8oPwAACAAJ},
  year={1992},
  publisher={McGraw-Hill}
}

