
@BOOK{Stewart,
  title = {Calculus},
  author = {James Stewart},
  year = {2012},
  edition  = {7th},
  publisher = {CENGAGE Learning},
  OPeditor = {},
  OPpublisher = {},
  OPowner = {},
  OPtimestamp = {},
}



@BOOK{RonLarson,
  title = {Calculus},
  author = {Ron Larson},
  year = {2014},
  edition  = {10th},
  publisher = {CENGAGE Learning},
  OPeditor = {},
  OPpublisher = {Academic Press},
  OPowner = {},
  OPtimestamp = {},
}


