@book{cengel2013ecuaciones,
  title={Ecuaciones diferenciales para ingenier{\'\i}a y ciencias (1a. ed.): },
  author={{\c{C}}ENGEL, Y.A. and PALM III, W.J.},
  isbn={9781456245283},
  url={https://books.google.com.br/books?id=coOJDAAAQBAJ},
  year={2013}
}

@book{zill2006ecuaciones,
  title={Ecuaciones diferenciales con problemas de valores en la frontera},
  author={Zill, D.G. and Cullen, M.R.},
  isbn={9789706864888},
  url={https://books.google.com.br/books?id=Ga8-TAVAw-kC},
  year={2006},
  publisher={International Thomson}
}

@book{mkong,
  title={Cálculo Integral},
  author={KONG, Maynard},
  year={2004},
  publisher={Pontificia Universidad Católica del Perú. Fondo Editorial.}
}

@book{leithold1998cálculo,
  title={El c{á}lculo},
  author={Leithold, L.},
  isbn={9789706131829},
  series={Universitaria: Ciencias},
  url={https://books.google.com.br/books?id=iFhnPgAACAAJ},
  year={1998},
  publisher={UNAM}
}

@book{stewart2008cálculo,
  title={C{á}lculo de varias variables: trascendentes tempranas},
  author={Stewart, J.},
  isbn={9789706866523},
  url={https://books.google.com.br/books?id=pXen9LeyRzMC},
  year={2008},
  publisher={Cengage Learning}
}








% APOSTOL, Tom
% 1973	Calculus. Cálculo con funciones de una variable. Barcelona: Editorial Reverté.
% Enlace permanente al catálogo de biblioteca
% https://pucp.ent.sirsi.net/client/es_ES/campus/search/detailnonmodal/ent:$002f$002fSD_ILS$002f0$002fSD_ILS:11626/one
?
% CENGEL, Yunus. A. y William J. PALM
% 2014	Ecuaciones diferenciales para Ingeniería y Ciencias. México: McGraw-Hill Education.
% Enlace permanente al catálogo de biblioteca
% https://pucp.ent.sirsi.net/client/es_ES/campus/search/detailnonmodal/ent:$002f$002fSD_ILS$002f0$002fSD_ILS:590704/one
% EDWARDS, Ch. y D. E. PENNEY
% 2008	Ecuaciones diferenciales y problemas con valores en la frontera: cómputo y modelado. Cuarta edición. Naucalpan de Juárez: Pearson.
% http://www.ingebook.com.ezproxybib.pucp.edu.pe:2048/ib/NPcd/IB_BooksVis?cod_primaria=1000187&codigo_libro=1281
% Enlace permanente al catálogo de biblioteca
% https://pucp.ent.sirsi.net/client/es_ES/campus/search/detailnonmodal/ent:$002f$002fSD_ILS$002f0$002fSD_ILS:552189/one
% KONG, Maynard
% 2004	Cálculo Integral. Lima: Pontificia Universidad Católica del Perú. Fondo Editorial.
% http://repositorio.pucp.edu.pe/index/handle/123456789/54974
% Enlace permanente al catálogo de biblioteca
% https://pucp.ent.sirsi.net/client/es_ES/campus/search/detailnonmodal/ent:$002f$002fSD_ILS$002f0$002fSD_ILS:371291/one
% LEITHOLD, Louis.
% 1998	El Cálculo. Sétima edición. México: Oxford University Press.
% Enlace permanente al catálogo de biblioteca
% https://pucp.ent.sirsi.net/client/es_ES/campus/search/detailnonmodal/ent:$002f$002fSD_ILS$002f0$002fSD_ILS:264155/one
% STEWART, James, María del Carmen Rodríguez Pedroza y Ernesto Filio Lo?pez
% 2012	Cálculo de una Variable: trascendentes tempranas. Sétima edición. México: Cengage Learning.
% http://ezproxybib.pucp.edu.pe:2048/login?url=http://www.ebooks7-24.com/?il=787
% Enlace permanente al catálogo de biblioteca
% https://pucp.ent.sirsi.net/client/es_ES/campus/search/detailnonmodal/ent:$002f$002fSD_ILS$002f0$002fSD_ILS:577768/one
% ZILL, D. y Warren S. WRIGHT
% 2011	Cálculo: trascendentes tempranas. Cuarta edición. México: McGraw-Hill Interamericana.
% http://ezproxybib.pucp.edu.pe:2048/login?url=http://www.ebooks7-24.com/?il=626
% Enlace permanente al catálogo de biblioteca
% https://pucp.ent.sirsi.net/client/es_ES/campus/search/detailnonmodal/ent:$002f$002fSD_ILS$002f0$002fSD_ILS:576506/one

