
@book{Cormen2009,
 title     = {Introduction to Algorithms},
 publisher = {MIT Press},
 year      = {2009},
 author    = {Thomas H. Cormen and Charles E. Leiserson and Ronald L. Rivest and Clifford Stein},
 ALTALTeditor = {},
 OPTkey = {},
 OPTvolume = {},
 OPTnumber = {},
 OPTseries = {},
 OPTaddress= {},
 edition   = {Third Edition},
 OPTmonth  = {},
 note      = {ISBN: 978-0-262-53305-8},
 OPTannote = {},
 OPTurl = {},
 OPTdoi = {},
 OPTissn = {},
 OPTlocalfile = {},
 OPTabstracts = {},
}

@book{Fager2014,
 title     = {Estructura de datos},
 publisher = {Iniciativa Latinoamericana de Libros de Texto Abiertos (LATIN)},
 year      = {2014},
 author    = {José Fager and W. Libardo Pantoja Yépez and Marisol Villacrés and Luz Andrea Páez Martinez and Daniel Ochoa and Ernesto Cuadros-Vargas},
 ALTALTeditor = {},
 OPTkey = {},
 OPTvolume = {},
 OPTnumber = {},
 OPTseries = {},
 OPTaddress= {},
 edition   = {First Edition},
 OPTmonth  = {},
 note      = {},
 OPTannote = {},
 OPTurl = {},
 OPTdoi = {},
 OPTissn = {},
 OPTlocalfile = {},
 OPTabstracts = {},
}

