% Responsable   : Cesar Beltran
% Bibbliografía : Aprendizaje de Maquina
% Versión       : 1
\begin{thebibliography}{}

@book{duda2012,
  title={Pattern classification},
  author={Duda, Richard O and Hart, Peter E and Stork, David G},
  year={2012},
  publisher={John Wiley \& Sons}
}

@book{Bishop2006,
 author = {Bishop, Christopher M.},
 title = {Pattern Recognition and Machine Learning (Information Science and Statistics)},
 year = {2006},
 isbn = {0387310738},
 publisher = {Springer-Verlag New York, Inc.},
 address = {Secaucus, NJ, USA},
} 

@book{Theodoridis2008,
 author = {Theodoridis, Sergios and Koutroumbas, Konstantinos},
 title = {Pattern Recognition, Fourth Edition},
 year = {2008},
 isbn = {1597492728, 9781597492720},
 edition = {4th},
 publisher = {Academic Press},
} 

@book{witten2016,
  title={Data Mining: Practical machine learning tools and techniques},
  author={Witten, Ian H and Frank, Eibe and Hall, Mark A and Pal, Christopher J},
  year={2016},
  publisher={Morgan Kaufmann}
}

@book{Murphy2012,
 author = {Murphy, Kevin P.},
 title = {Machine Learning: A Probabilistic Perspective},
 year = {2012},
 isbn = {0262018020, 9780262018029},
 publisher = {The MIT Press},
} 

\end{thebibliography}