% This file was created with JabRef 2.10.
% Encoding: Cp1252


@Book{Balta2001,
  Title                    = {Historia general del teatro en el Perú},
  Author                   = {Balta Campbell, Aída},
  Publisher                = {Universidad de San Martín de Porres. Escuela de Ciencias de la Comunicación},
  Year                     = {2001},

  Owner                    = {user1},
  Timestamp                = {2014.11.28}
}

@Conference{Chaplin1921,
  Title                    = {El Pibe},
  Author                   = {Charles Cháplin},
  Year                     = {1921},

  Owner                    = {user1},
  Timestamp                = {2014.11.28}
}

@Book{Garcia1960,
  Title                    = {Obras completas},
  Author                   = {García Lorca, Federico},
  Publisher                = {Aguilar},
  Year                     = {1960},

  Owner                    = {user1},
  Timestamp                = {2014.11.28}
}

@Book{Ibsen1959,
  Title                    = {Teatro completo},
  Author                   = {Ibsen, Henrik},
  Publisher                = {Aguilar},
  Year                     = {1959},

  Owner                    = {user1},
  Timestamp                = {2014.11.28}
}

@Conference{Luhrmann2001,
  Title                    = {Mulan Rush},
  Author                   = {Luhrmann,  Baz},
  Year                     = {2001},

  Owner                    = {user1},
  Timestamp                = {2014.11.28}
}

@Conference{Marshall2002,
  Title                    = {Chicago},
  Author                   = {Marshall,  Rob},
  Year                     = {2002},

  Owner                    = {user1},
  Timestamp                = {2014.11.28}
}

@Book{Marti2008,
  Title                    = {Escenografía y maquillaje : el sastrecillo valiente. Las tres naranjas},
  Author                   = {Martí, Mónica},
  Publisher                = {Norma},
  Year                     = {2008},

  Owner                    = {user1},
  Timestamp                = {2014.11.28}
}

@Book{Marti2001,
  Title                    = {Decorados y vestuarios},
  Author                   = {Martí, Mónica},
  Publisher                = {Norma},
  Year                     = {2001},

  Owner                    = {user1},
  Timestamp                = {2014.11.28}
}

@Book{McDougall1989,
  Title                    = {Teatros del cuerpo},
  Author                   = {McDougall, Joyce},
  Publisher                = {Yébenes},
  Year                     = {1989},

  Owner                    = {user1},
  Timestamp                = {2014.11.28}
}

@Book{Miravalles1998,
  Title                    = {Iniciación al teatro : teoría y práctica},
  Author                   = {Miravalles, Luis},
  Publisher                = {San Pablo},
  Year                     = {1998},

  Owner                    = {user1},
  Timestamp                = {2014.11.28}
}

@Book{Peru2000,
  Title                    = {Antología general del teatro peruano},
  Author                   = {Pontificia Universidad Católica del Perú},
  Publisher                = {Banco Continental - Pontificia Universidad Católica del Perú},
  Year                     = {2000},

  Owner                    = {user1},
  Timestamp                = {2014.11.28}
}

@Conference{Rappeneau1990,
  Title                    = {Cyrano de Bergerac},
  Author                   = {Rappeneau, Jean-Paul},
  Year                     = {1990},

  Owner                    = {user1},
  Timestamp                = {2014.11.28}
}

@Conference{Shadyac1998,
  Title                    = {Patch Adams},
  Author                   = {Tom Shadyac},
  Year                     = {1998},

  Owner                    = {user1},
  Timestamp                = {2014.11.28}
}

@Conference{Tirard2002,
  Title                    = {Molière},
  Author                   = {Tirard, Laurent},
  Year                     = {2002},

  Owner                    = {user1},
  Timestamp                = {2014.11.28}
}

@Conference{Zeffirelli1968,
  Title                    = {Romeo y Julieta},
  Author                   = {Franco Zeffirelli},
  Year                     = {1968},

  Owner                    = {user1},
  Timestamp                = {2014.11.28}
}

@Periodical{2014,
  Title                    = {Artículos periodísticos contemporáneos},
  Year                     = {2014},

  Owner                    = {user1},
  Timestamp                = {2014.11.28}
}

