@Book{pmbo08,
  author =       "Project Management Institute, PMI",
  title =        "PMBOK Guide, 5th Edition",
  publisher =    "Project Management Institute",
  year =         "2012",
}

@Book{pmep09,
  author =       "Rita Mulcahy, PMP",
  title =        "PMP Exam Prep - 6th Edition",
  publisher =    "RMC Publications",
  year =         "2009",
}
