
@Book{Zobel,
  author = "Justin Zobel",
  title =  "Writing for Computer Science",
  publisher = "Springer,Londres",
  year =   "2014"
}


