% This file was created with JabRef 2.10.
% Encoding: Cp1252


@Book{Abbott2010,
  Title                    = {La Familia. El Bien irreemplazable},
  Author                   = {Abbott, Max Silva},
  Publisher                = {{Centro de Estudios Cultura}},
  Year                     = {2010},

  Owner                    = {user1},
  Timestamp                = {2014.11.28}
}

@Book{Bradford2009,
  Title                    = {El Matrimonio importa. 26 conclusiones de las ciencias sociales},
  Author                   = {Bradford, Wilcox},
  Year                     = {2009},

  Owner                    = {user1},
  Timestamp                = {2014.11.28}
}

@Book{Consejo2004,
  Title                    = {Lexicón. Términos ambiguos y discutidos sobre familia, vida y cuestiones éticas},
  Author                   = {{Consejo Pontificio para la Vida}},
  Publisher                = {Ediciones Palabra},
  Year                     = {2004}
}

@Book{Focus2013,
  Title                    = {Mapa mundial de la familia. Los cambios en la familia y su impacto en el bienestar de los niños.},
  Author                   = {{Focus Global}},
  Year                     = {2013},

  Owner                    = {user1},
  Timestamp                = {2014.11.28}
}

@Book{IMHSP1983,
  Title                    = {Carta de los Derechos de la Familia},
  Author                   = {{Instituto Misionero Hijas de San Pablo}},
  Publisher                = {Paulinas},
  Year                     = {1983}
}

@Book{Pliego2012,
  Title                    = {Familia y Bienestar en las sociedades democráticas. El debate cultural del siglo XXI.},
  Author                   = {Pliego, Fernando},
  Year                     = {2012},

  Owner                    = {user1},
  Timestamp                = {2014.11.28}
}

@Book{JuanPabloII,
  Title                    = {Exhortación Apostólica Post Sinodal Familiaris Consortio},
  Author                   = {{S.S Juan Pablo II}},
  Publisher                = {Paulinas},
  Year                     = {1981}
}

@Book{STI2011,
  Title                    = {El dividendo demográfico sostenible. ?`Qué tiene que ver el matrimonio y la familia con la economía?},
  Author                   = {{Social Trend Institute}},
  Year                     = {2011},

  Owner                    = {user1},
  Timestamp                = {2014.11.28}
}

@Book{STI2007,
  Title                    = {Matrimonio y Bien común. Los 10 principios de Princeton.},
  Author                   = {{Social Trends Institute}},
  Year                     = {2007},

  Owner                    = {user1},
  Timestamp                = {2014.11.28}
}

