@Book{blank06,
  author =       "Leland Blank and Anthony Tarkin",
  title =        "Ingeniería Económica",
  publisher =    "McGraw Hill, México D.F., México",
  year =         "2006",
}
@Book{kotler06,
  author =       "Philip Kotler and Kevin L. Keller",
  title =        "Dirección de Marketing",
  publisher =    "Prentice Hall, México",
  year =         "2006",
}
@Book{love09,
  author    = "Christopher Lovelock and Jochen Wirtz",
  title     = "Marketing de servicios. Personal, tecnología y estratégia",
  publisher = "Prentice Hall, México",
  year      = "2009"
}
@Book{fish96,
  author =       "Roger Fisher and William Ury and Bruce Patton",
  title =        "Si... ¡de acuerdo! Cómo negociar sin ceder",
  publisher =    "Norma, Barcelona",
  year =         "1996",
}
@Book{dasi06,
  author =       "Fernando de Manuel Dasí and Rafael Martínez-Vilanova Martínez",
  title =        "Técnicas de Negociación. Un método práctico",
  publisher =    "Esic, Madrid",
  year =         "2006",
}
@book{garzozi14,
    author =     "René Garzozi Pincay and María Messina Scolaro and Cristian Moncada Marino and José Ochoa Luna and Griselda Ilabel Pérez and Ricardo Zambrano Segura",
    title =      "Planes de Negocios para Emprendedores",
    publisher=   "Iniciativa Latinoamericana de Libros de Texto Abiertos (LATIn)",
    year =       "2014"
}
