@book{kurose2013computer,
  title="Computer Networking: A Top-down Approach",
  author="Kurose, J.F. and Ross, K.W.",
  isbn="9780132856201",
  lccn="2011048215",
  series="Always learning",
  year="2013",
  publisher="Pearson"
}
@book{Krumm09,
 AUTHOR = "Krumm, John",
 TITLE = "Ubiquitous Computing Fundamentals",
 YEAR = "2009",
 ISBN = "1420093606, 9781420093605",
 OPTedition = "1st",
 PUBLISHER = "Chapman \& Hall/CRC",
}

@book{AGGL05,
 AUTHOR = "Frank Adelstein;Sandeep KS Gupta;Golden Richard III and Loren Schwiebert",
 TITLE = "Fundamentals of Mobile and Pervasive Computing",
 YEAR = "2005",
 ISBN = "0071412379, 9780071412377",
 OPTedition = "1st",
 PUBLISHER = "Tata McGraw-Hill",
}

@book{Pitoura97,
 AUTHOR = "Evaggelia, Pitoura. and George,Samaras.",
 TITLE = "Data Management for Mobile Computing",
 YEAR = "1997",
 ISBN = "0792380533",
 PUBLISHER = "Kluwer Academic Publishers",
 OPTaddress = "Norwell, MA, USA",
}
