\begin{thebibliography}{}

@Book{Baecker2000HCI,
author = {R. Baecker and W. Buxton and J. Grudin},
ALTeditor = {},
title = {Readings in Human-Computer Interaction: Toward the Year 2000},
publisher = {Morgan Kaufmann},
year = {2000},
OPTkey = {},
OPTvolume = {},
OPTnumber = {},
series = {The Morgan Kaufmann Series in Interactive Technologies},
OPTaddress = {},
edition = {2nd Edition},
OPTmonth = {},
OPTnote = {},
OPTannote = {},
isbn = {1558602461}
}

\end{thebibliography}

