@book{grove2009web,
  title={Web Based Application Development},
  author={Grove, R.},
  isbn={9780763759407},
  lccn={2008053145},
  year={2009},
  publisher={Jones \& Bartlett Learning}
}
@book{bendoraitis2014web,
  title={Web Development with Django Cookbook},
  author={Bendoraitis, A.},
  isbn={9781783286904},
  url={http://books.google.com.pe/books?id=6TDYBAAAQBAJ},
  year={2014}
}
@book{purewal2014learning,
  title={Learning Web App Development},
  author={Purewal, S.},
  isbn={9781449371425},
  year={2014},
  publisher={O'Reilly Media}
}
@book{annuzzi2014advanced,
  title={Advanced Android Application Development},
  author={Annuzzi, J. and Darcey, L. and Conder, S.},
  isbn={9780133892451},
  year={2014},
  publisher={Pearson Education}
}
@book{annuzzi2013introduction,
  title={Introduction to Android Application Development: Android Essentials},
  author={Annuzzi, J. and Darcey, L. and Conder, S.},
  isbn={9780133477337},
  series={Developer's Library},
  year={2013},
  publisher={Pearson Education}
}
