% Responsable   : Luis DÃ­az Basurco
% BibbliografÃ­a : Análisis Numérico
% Versión       : 1

@BOOK{Zill02,
  AUTHOR =       "Dennis G. Zill",
  TITLE =        "Differential Equations With Boundary-Value Problems",
  PUBLISHER =    "Brooks/Cole Cengage Learning",
  YEAR =         "2009",
  ISBN =         "970-686-133-5",
  }

@BOOK{Kinkaid94,
  AUTHOR =       "David Kincaid, Ward Cheney",
  TITLE =        "Numerical Mathematics and Computing",
  PUBLISHER =    "Thomson",
  YEAR =         "2008",
  ISBN =         "0-201-60130-13",
  }

@BOOK{Burden02,
  AUTHOR =       "Richard L. Burden , J. Douglas Faires",
  TITLE =        "Numerical AnalysiS",
  PUBLISHER =    "Brooks/Cole Cengage Learning",
  YEAR =         "2011",
  ISBN =         "0-534-38216-9",
}
 @BOOK{Chapra88,
  AUTHOR =       "Steven C. Chapra , Raymond P. Canale",
  TITLE =        "Numerical Methods for Engineers",
  PUBLISHER =    "MacGraw Hill",
  YEAR =         "2010",
  ISBN =         "968-451-847-1",
}

