% This file was created with JabRef 2.10.
% Encoding: Cp1252


@Book{Alvira1993,
  Title                    = {Metafísica},
  Author                   = {Alvira, T. and  Clavell, L. and  Melendo, T.},
  Publisher                = {EUNSA},
  Year                     = {1993},

  Owner                    = {user1},
  Timestamp                = {2014.11.28}
}

@Book{Aristoteles1985,
  Title                    = {Ética nicomáquea : ética eudemia},
  Author                   = {Aristóteles},
  Publisher                = {Editorial Gredos, S.A.},
  Year                     = {1985},

  Owner                    = {user1},
  Timestamp                = {2014.11.28}
}

@Book{Casaubon2006,
  Title                    = {Nociones generales de lógica y filosofía},
  Author                   = {Casaubon, J.},
  Publisher                = {Educa, Bs As},
  Year                     = {2006},

  Owner                    = {user1},
  Timestamp                = {2014.11.27}
}

@Book{Fraile2005,
  Title                    = {Historia de la Filosofía},
  Author                   = {Fraile, G.},
  Publisher                = {BAC, Madrid},
  Year                     = {2005},

  Owner                    = {user1},
  Timestamp                = {2014.11.27}
}

@Book{Garcia2011,
  Title                    = {Antropología Filosófica},
  Author                   = {García Cuadrado, J. A},
  Publisher                = {EUNSA, Pamplona},
  Year                     = {2011},

  Owner                    = {user1},
  Timestamp                = {2014.11.27}
}

@Book{Gomez2006,
  Title                    = {Introducción a la Metafísica},
  Author                   = {Gómez Pérez, R.},
  Publisher                = {Rialp},
  Year                     = {2006},

  Owner                    = {user1},
  Timestamp                = {2014.11.28}
}

@Book{Pieper1998,
  Title                    = {El ocio y la vida intelectual},
  Author                   = {Pieper, J.},
  Publisher                = {Rialp},
  Year                     = {1998},

  Owner                    = {user1},
  Timestamp                = {2014.11.27}
}

@Book{Pieper1989,
  Title                    = {Defensa de la filosofía},
  Author                   = {Pieper, J.},
  Publisher                = {Herder},
  Year                     = {1989},

  Owner                    = {user1},
  Timestamp                = {2014.11.27}
}

@Book{Reale2007,
  Title                    = {Historia de la filosofía},
  Author                   = {Reale, G.  and Antiseri, D},
  Publisher                = {San Pablo},
  Year                     = {2007},

  Owner                    = {user1},
  Timestamp                = {2014.11.27}
}

@Book{Tomas2001,
  Title                    = {Suma Teológica},
  Author                   = {Tómas de Aquino, Santo},
  Publisher                = {Biblioteca de Autores Cristianos},
  Year                     = {2001},

  Owner                    = {user1},
  Timestamp                = {2014.11.28}
}

@Book{Verneaux1980,
  Title                    = {Introducción general y lógica},
  Author                   = {Verneaux, R.},
  Publisher                = {Herder},
  Year                     = {1980},

  Owner                    = {user1},
  Timestamp                = {2014.11.27}
}

@Book{Yepez2000,
  Title                    = {Separata},
  Author                   = {Yépez Bernal, Edward},
  Year                     = {2000},

  Owner                    = {user1},
  Timestamp                = {2014.11.27}
}

@Book{Zanotti1987,
  Title                    = {Filosofía para no filósofos},
  Author                   = {Zanotti, G.},
  Publisher                = {Belgrano},
  Year                     = {1987},

  Owner                    = {user1},
  Timestamp                = {2014.11.27}
}

