% Responsable     : Luis DÃÂ­az Basurco
% BibliografÃÂ­a de : Probabildades y estadÃÂ­stica
% VersiÃÂ³n         : 1

@BOOK{Mendenhall97,
  AUTHOR =       "William Mendenhall, Terry Sincich",
  TITLE =        "Probabilidad y EstadÃÂ­stica para IngenerÃÂ­as Ciencias",
  PUBLISHER =    "Prentice Hall Hispanoamericano, S.A.",
  YEAR =         "1997",
  ISBN =         "968-880-960-8",
  }

@BOOK{Meyer70,
  AUTHOR    = {Paul L Meyer},
  TITLE     = {Introductory Probability and Statistical Applications},
  PUBLISHER = {Addison Wesley},
  YEAR      = {1970},
  ISBN      = {0201047101},
}

@BOOK{Devore98,
  AUTHOR =       "Jay L. Devore",
  TITLE =        "Probabilidad y estadÃÂ­stica para ingenierÃÂ­a y ciencias",
  PUBLISHER =    "International Thomson Editores ",
  YEAR =         "1998",
  ISBN =         "968-7529-48-2",
}

