@Book{dav01,
  author =       "David W. Mount",
  title =        "Bioinformatics: Sequence and Genome Analysis",
  publisher =    "Cold Spring Harbor Laboratory Press",
  year =         "2001",
}
@Book{pav04,
  author =       "Neil A. Jones and Pavel A. Pevzner",
  title =        "An Introduction to Bioinformatics Algorithms",
  publisher =    "The MIT Press",
  year =         "2004",
}
@Book{pete00,
  author =       "Peter Clote and Rolf Backofen",
  title =        "Computational Molecular Biology, An Introduction",
  publisher =    "Wiley",
  year =         "2000",
}
