@BOOK{Zill02,
  AUTHOR =       "Dennis G. Zill",
  TITLE =        "Ecuaciones Diferenciales con Problemas de Valores en la Frontera",
  PUBLISHER =    "Thomson Learning",
  YEAR =         "2002",
  ISBN =         "970-686-133-5"
  }


@BOOK{Apostol73,
  AUTHOR =       "Tom M ApÃÂ³stol",
  TITLE =        "Calculus Vol II",
  PUBLISHER =    "Editorial RevertÃÂ©",
  YEAR =         "1973",
}

@BOOK{Hirsh74,
  AUTHOR =       "Morris W. Hirsh and Stephen Smale",
  TITLE =        "Differential Equatons, Dynamical Systems, and Linear ÃÂlgebra",
  PUBLISHER =    "Academia Press",
  YEAR =         "1974",
}

@BOOK{Strang03,
  AUTHOR =       {Strang, Gilbert},
  TITLE =        {Introduction to Linear Algebra, 3ÃÂª ediciÃÂ³n},
  PUBLISHER =    {Wellesley-Cambridge Press},
  YEAR =         {2003},
}

