% Responsable   :
% BibbliografÃÂ­a : FÃÂ­sica I
% VersiÃÂ³n       : 1
\begin{thebibliography}{}
@BOOK{Serway2002,
  AUTHOR =       "Raymond Serway and Robert Beichner",
  TITLE =        "FÃÂ­sica, para Ciencias e Ingenierias",
  PUBLISHER =    "Mc Graw Hill",
  YEAR =         "2002",
  ISBN =         "970-10-3581-X",
  }

@BOOK{Serway98,
  AUTHOR =       "Serway Raymond",
  TITLE =        "FÃÂ­sica",
  PUBLISHER =    "Mc Graw Hill",
  YEAR =         "1998",
  ISBN      =	 " ",
  volume    = "1"
}

@Book{Sears98,
author    = "Francis Sears",
title = "FÃÂ­sica Universitaria",
publisher = "Addison Wesley-Longman",
year = "1998"
}

@Book{Sears99,
author    = "Francis Sears",
title = "FÃÂ­sica Universitaria",
publisher = "Addison Wesley-Longman",
year = "1998",
volume = "2"
}

@BOOK{Fishbane99,
  AUTHOR =       "Paul Fishbane and Stephen Thornton",
  TITLE =        "FÃÂ­sica para Ciencias e IngenierÃÂ­a",
  PUBLISHER =    "Prentice Hall, HispanoamÃÂ©rica S.A.",
  YEAR =         "1999",
  ISBN =	 " ",
  volume = "2"
 }

@BOOK{Tipler98,
  AUTHOR =       "Paul Tipler",
  TITLE =        "FÃÂ­sica",
  PUBLISHER =    "Editorial Reverte",
  YEAR =         "1998",
  ISBN =	 " ",
  edition = "3"
}

@BOOK{Eisberg98,
  AUTHOR    = "Robert Eisberg and Lawrence Lerner",
  TITLE     = "FÃÂ­sica: Fundamentos y Aplicaciones",
  PUBLISHER = "Mc Graw Hill",
  YEAR      = "1998",
  ISBN      = " ",
  volume    = "1"
 }

 @BOOK{Resnick98,
  AUTHOR =       "Robert Resnick and David Halliday",
  TITLE =        "FÃÂ­sica para Estudiantes de Ciencias e IngenierÃÂ­a",
  PUBLISHER =    "John Wiley",
  YEAR =         "1998",
  ISBN =	 " "
}

@BOOK{Alonso95,
  AUTHOR =       "Marcelo Alonso and Edward Finn",
  TITLE =        "FÃÂ­sica",
  PUBLISHER =    "Addison Wesley Iberoamericana",
  YEAR =         "1995",
  ISBN =         "0-201-62565-2"
  }

@BOOK{Feynman87,
  AUTHOR =       "Richard Feynman",
  TITLE =        "FÃÂ­sica",
  PUBLISHER =    "Addison Wesley Iberoamericana",
  YEAR =         "1987",
  ISBN =	 " ",
  volume = "1"
 }

 @BOOK{Douglas84,
  AUTHOR    = "Douglas C. Giancoli",
  TITLE     = "General Physics",
  PUBLISHER = "Prentice Hall, Inc.",
  YEAR      = "1984",
  ISBN      = " "
}

\end{thebibliography}