% Responsable   :
% BibbliografÃÂ­a : CÃÂ¡lculo Diferencial
% VersiÃÂ³n       : 1
\begin{thebibliography}{}

@BOOK{Hasser97,
  AUTHOR =       "Hasser and La Salle and Sulivan",
  TITLE =        "AnÃÂ¡lisis MatemÃÂ¡tico",
  PUBLISHER =    "Editorial Trillas, MÃÂ©xico",
  YEAR =         "1997",
  ISBN =	     " ",
  volume = "1"
}

@BOOK{Spivak96,
  AUTHOR =       "Michael Spivak",
  TITLE =        "Calculo Diferencial",
  PUBLISHER =    "Editorial RevertÃÂ©, MÃÂ©xico",
  YEAR =         "1996",
  ISBN =         " "
  }

@BOOK{Helfgott89,
  AUTHOR =       "Michel Helfgott and TÃÂ³mas NÃÂºÃÂ±ez",
  TITLE =        "CÃÂ¡lculo Diferencial",
  PUBLISHER =    "Editorial Hozlo, Lima",
  YEAR =         "1989",
  ISBN =         " "
  }

@BOOK{Bartle90,
  AUTHOR =       "R. Bartle and D. Sherbert",
  TITLE =        "IntroducciÃÂ³n al AnÃÂ¡lisis MatemÃÂ¡tico",
  PUBLISHER =    "Editorial Limusa, MÃÂ©xico",
  YEAR =         "1990",
  ISBN =	     " "
}


@BOOK{Leithold82,
  AUTHOR =       "Louis Leithold",
  TITLE =        "El CÃÂ¡lculo",
  PUBLISHER =    "Editorial Harla, MÃÂ©xico",
  YEAR =         "1982",
  ISBN =         " "
  }

@BOOK{Edwards96,
  AUTHOR    = "C. H. Edwards and D. E. Penney",
  TITLE     = "CÃÂ¡lculo infinitesimal y GeometrÃÂ­a AnalÃÂ­tica ",
  PUBLISHER = "Prentice Hall, HispanoamÃÂ©rica S.A.",
  YEAR = 	  "1996",
  ISBN = 	  " "
 }

 @BOOK{Stewart99,
  AUTHOR =       "James Stewart",
  TITLE =        "CÃÂ¡lculo, Conceptos y contextos",
  PUBLISHER =    "International Thomson Editores",
  YEAR =         "1999",
  ISBN =	     " "
}

\end{thebibliography}