% Responsable   :
% BibbliografÃÂ­a : CÃÂ¡lculo Integral
% VersiÃÂ³n       : 1
\begin{thebibliography}{}

@BOOK{Hasser97,
  AUTHOR =       "Hasser and La Salle and Sullivan",
  TITLE =        "AnÃÂ¡lisis MatemÃÂ¡tico",
  PUBLISHER =    "Editorial Trillas, MÃÂ©xico",
  YEAR =         "1997",
  ISBN =	     " ",
  volume = "1"
}

@BOOK{Apostol70,
  AUTHOR =       "Tom Apostol",
  TITLE =        "Calculus",
  PUBLISHER =    "Editorial RevertÃÂ©, MÃÂ©xico",
  YEAR =         "1970",
  ISBN =	     " ",
  volume = "1"
}

@BOOK{Purcel87,
  AUTHOR =       "Edwin Purcel and Dale Varberg",
  TITLE =        "CÃÂ¡lculo con GeometrÃÂ­a AnalÃÂ­tica",
  PUBLISHER =    "Prentice Hall, HispanoamÃÂ©rica S.A.",
  YEAR =         "1987",
  ISBN =	     " ",
  volume = "1"
}

@BOOK{Edwards96,
  AUTHOR    = "C. H. Edwards and D. E. Penney",
  TITLE     = "CÃÂ¡lculo infinitesimal y GeometrÃÂ­a AnalÃÂ­tica ",
  PUBLISHER = "Prentice Hall, HispanoamÃÂ©rica S.A.",
  YEAR = 	  "1996",
  ISBN = 	  " "
 }

@BOOK{Swokowsky89,
  AUTHOR =       "Earl Swokowsky",
  TITLE =        "CÃÂ¡lculo con GeometrÃÂ­a AnalÃÂ­tica",
  PUBLISHER =    "Grupo editorial Iberoamericana",
  YEAR =         "1989",
  ISBN =         " "
  }

@BOOK{Spivak96,
  AUTHOR =       "Michael Spivak",
  TITLE =        "Calculus",
  PUBLISHER =    "Editorial RevertÃÂ©, MÃÂ©xico",
  YEAR =         "1996",
  ISBN =         " "
  }

@BOOK{Taylor65,
  AUTHOR =       "Taylor and Wade",
  TITLE =        "CÃÂ¡lculo Diferencial e Integral",
  PUBLISHER =    "Limusa - Willey",
  YEAR =         "1965",
  ISBN =         " "
  }

@BOOK{Granville74,
  AUTHOR =       "Granville and Smith and Longley",
  TITLE =        "CÃÂ¡lculo Diferencial e Integral",
  PUBLISHER =    "Editorial  Hispanoamericana",
  YEAR =         "1974",
  ISBN =	     " "
}

@BOOK{Courant71,
  AUTHOR =       "R. Courant and F. Jonh",
  TITLE =        "IntroducciÃÂ³n al CÃÂ¡lculo y al AnÃÂ¡lisis  MatemÃÂ¡tico",
  PUBLISHER =    "Editorial Limusa  Willey",
  YEAR =         "1971",
  ISBN =	     " "
}

@BOOK{Lang76,
  AUTHOR =       "Serge Lang",
  TITLE =        "CÃÂ¡lculo",
  PUBLISHER =    "Fondo Educativo Interamericano",
  YEAR =         "1976",
  ISBN =         " ",
  volume = "1"
  }

 @BOOK{Thomas62,
  AUTHOR =       "George B. Thomas",
  TITLE =        "IntroducciÃÂ³n al CÃÂ¡lculo y al AnÃÂ¡lisis MatemÃÂ¡tico",
  PUBLISHER =    "Addison Wesley,",
  YEAR =         "1962",
  ISBN =	     " "
}

\end{thebibliography}