% Responsable   :
% BibbliografÃÂ­a : CÃÂ¡lculo Vectorial I
% VersiÃÂ³n       : 1
\begin{thebibliography}{}

@BOOK{Hasser97,
  AUTHOR =       "Hasserand La Salle and Sullivan ",
  TITLE =        "AnÃÂ¡lisis MatemÃÂ¡tico",
  PUBLISHER =    "Editorial Trillas, MÃÂ©xico",
  YEAR =         "1997",
  ISBN =	     " ",
  volume = "1"
}

@BOOK{Burgos94,
  AUTHOR =       "J. de Burgos",
  TITLE =        "ÃÂlgebra Lineal",
  PUBLISHER =    "Ed. MacGraw-Hill",
  YEAR =         "1994",
  ISBN =         " "
  }

@BOOK{Venero94,
  AUTHOR =       "Armando Venero",
  TITLE =        "MatemÃÂ¡ticas BÃÂ¡sicas I",
  PUBLISHER =    "Facultad de Ciencias - UNI, Lima",
  YEAR =         "1994",
  ISBN =         " "
  }

@BOOK{Granero85,
  AUTHOR =       "Francisco Granero RodrÃÂ­guez",
  TITLE =        "ÃÂlgebra y GeometrÃÂ­a AnalÃÂ­tica",
  PUBLISHER =    "Editorial Mc Graw Hill. EspaÃÂ±a",
  YEAR =         "1985",
  ISBN =         " "
  }

@BOOK{Edwards96,
  AUTHOR    = "C. H. Edwards and D. E. Penney",
  TITLE     = "CÃÂ¡lculo infinitesimal y GeometrÃÂ­a AnalÃÂ­tica ",
  PUBLISHER = "Prentice Hall, HispanoamÃÂ©rica S.A.",
  YEAR = 	  "1996",
  ISBN = 	  " "
 }

\end{thebibliography}