% Responsable   :
% BibbliografÃÂ­a : CÃÂ¡lculo Vectorial II
% VersiÃÂ³n       : 1
\begin{thebibliography}{}

@BOOK{Hasser97,
  AUTHOR =       "Hasser and La Salle and Sullivan ",
  TITLE =        "AnÃÂ¡lisis MatemÃÂ¡tico",
  PUBLISHER =    "Editorial Trillas, MÃÂ©xico",
  YEAR =         "1997",
  ISBN =	     " ",
  volume = "2"
}

@BOOK{Burgos08,
  AUTHOR =       "Juan de Burgos",
  TITLE =        "ÃÂlgebra Lineal",
  PUBLISHER =    "Ed. Mc Graw Hill",
  YEAR =         "2008",
  ISBN =	     " "
}

@BOOK{Anton,
  AUTHOR =       "Howard Anton",
  TITLE =        "IntroducciÃÂ³n al ÃÂlgebra Lineal",
  PUBLISHER =    "Editorial Limusa S.A.",
  ISBN =	 "9681863178",
  volume = "1"
}

@BOOK{Granero85,
  AUTHOR    = "Francisco Granero RodrÃÂ­guez",
  TITLE     = "ÃÂlgebra y geometrÃÂ­a analÃÂ­tica",
  PUBLISHER = "Editorial Mc Graw Hill. EspaÃÂ±a",
  YEAR =      "1985",
  ISBN =      "9788476150290"
 }

@BOOK{Saal84,
  AUTHOR =       "C. Saal and P. Campos and J. Aznaran",
  TITLE =        "MatemÃÂ¡ticas BÃÂ¡sicas II",
  PUBLISHER =    "Editorial UNI",
  YEAR =         "1984"
  }
	
\end{thebibliography}