% Estructuras Discretas
\begin{thebibliography}{}

@Book{Johnsonbaugh99,
author    = {Richard Johnsonbaugh},
ALTeditor = {},
title = {MatemÃÂ¡ticas Discretas},
publisher = {Prentice Hall, MÃÂ©xico},
year = {1999},
OPTkey = {},
OPTvolume = {},
OPTnumber = {},
OPTseries = {},
OPTaddress = {},
OPTedition = {},
OPTmonth = {},
OPTnote = {},
OPTannote = {}
}

@BOOK{Grimaldi97,
  AUTHOR =       "R. Grimaldi",
  TITLE =        "MatemÃÂ¡ticas Discretas y Combinatoria",
  PUBLISHER =    "Addison Wesley Iberoamericana",
  YEAR =         "1997",
  ISBN =	 " "
 }

@BOOK{Grassmann97,
  AUTHOR =       "W. Grassmann and J. Tremblay",
  TITLE =        "MatemÃÂ¡tica Discreta y LÃÂ³gica",
  PUBLISHER =    "Prentice Hall",
  YEAR =         "1997",
  ISBN =	 " "
}
 @BOOK{Ruiz04,
  AUTHOR =       "Blas C. Ruiz and Francisco GutiÃÂ©rrez and Pablo Guerrero and JosÃÂ© Gallardo",
  TITLE =        "Razonando con Haskell",
  PUBLISHER =    "Thomson",
  YEAR =         "2004",
  ISBN =	 " "
}
@BOOK{Gersting87,
  AUTHOR =       "J. Gersting",
  TITLE =        "Fundamentos MatemÃÂ¡ticos para a CiÃÂªncia da Computa\c c\~ao",
  PUBLISHER =    "ABDR",
  YEAR =         "1987",
  ISBN =	 " "
  }

@BOOK{Kolman97,
  AUTHOR =       "Kolman and Busby and Ross",
  TITLE =        "Estructuras de MatemÃÂ¡ticas Discretas para la ComputaciÃÂ³n",
  PUBLISHER =    "Prentice Hall",
  YEAR =         "1997",
  ISBN =	 " "
  }
  
@BOOK{Bird00,
  AUTHOR =       "R. Bird",
  TITLE =        "ProgramaciÃÂ³n Funcional en Haskell",
  PUBLISHER =    "Prentice Hall",
  YEAR =         "2000",
  ISBN =	 " "
}

 @BOOK{Tucker03,
  AUTHOR =       "A. Tucker and R. Noonan",
  TITLE =        "Lenguajes de ProgramaciÃÂ³n",
  PUBLISHER =    "Mc Graw Hill",
  YEAR =         "2003",
  ISBN =	 " "
}

@BOOK{Thompson99,
  AUTHOR =       "Simon Thompson",
  TITLE =        "The Craft of Functional Programming",
  PUBLISHER =    "Pearson",
  YEAR =         "1999",
  ISBN =	 " "
  }
  
@BOOK{Brookshear93,
  AUTHOR =       "J. Glenn Brookshear",
  TITLE =        "TeorÃÂ­a de la ComputaciÃÂ³n",
  PUBLISHER =    "Addison Wesley Iberoamericana",
  YEAR =         "1993",
  ISBN =	 " "
  }
  
@BOOK{Kelley95,
  AUTHOR =       "Dean Kelley",
  TITLE =        "TeorÃÂ­a de AutÃÂ³matas y Lenguajes Formales",
  PUBLISHER =    "Prentice Hall",
  YEAR =         "1995",
  ISBN =	 " "
}

 @BOOK{Hopcroft93,
  AUTHOR =       "John E. Hopcroft and Jeffrey D. Ullman",
  TITLE =        "IntroducciÃÂ³n a la TeorÃÂ­a de AutÃÂ³matas, Lenguajes y ComputaciÃÂ³n",
  PUBLISHER =    "CECSA",
  YEAR =         "1993",
  ISBN =	 " "
}

 @BOOK{Isasi97,
  AUTHOR =       "P. Isasi and P. MartÃÂ­nez and D. Borrajo",
  TITLE =        "Lenguajes, GramÃÂ¡ticas y AutÃÂ³matas",
  PUBLISHER =    "Addison Wesley",
  YEAR =         "1997",
  ISBN =	 " "
}

@BOOK{Martin03,
  AUTHOR =       "John Martin ",
  TITLE =        "MatemÃÂ¡ticas Discretas  ",
  PUBLISHER =    "Mc Graw Hill ",
  YEAR =         "2003",
  ISBN =	 " "
}

 @BOOK{Scheinerman01,
  AUTHOR =       "Edward R. Scheinerman",
  TITLE =        "IntroducciÃÂ³n a la TeorÃÂ­a de AutÃÂ³matas, Lenguajes y ComputaciÃÂ³n",
  PUBLISHER =    "Thomson Learning ",
  YEAR =         "2001",
  ISBN =	 " "
}
 
@BOOK{Paniagua03,
  AUTHOR =       "Enrique Paniagua ArÃÂ­s and Juan Luis SÃÂ¡nchez GonzÃÂ¡lez and Fernando MartÃÂ­n Rubio",
  TITLE =        "LÃÂ³gica Computacional ",
  PUBLISHER =    "Thomson",
  YEAR =         "2003",
  ISBN =	 " "
}

@Book{Brassard97,
AUTHOR = 	 "Gilles Brassard and Paul Bratley",
TITLE = 	 "Fundamentos de Algoritmia",
PUBLISHER = 	 "Prentice Hall",
YEAR = 		 "1997",
ISBN =		 " "
}

@Book{Micha98,
AUTHOR=		"Elias Micha",
TITLE=		"MatemÃÂ¡ticas Discretas",
PUBLISHER = 	"Limusa",
YEAR = 		"1998"
}

@Book{Rosen2004,
AUTHOR=		"Kenneth H. Rosen",
TITLE=		"MatemÃÂ¡tica Discreta y sus Aplicaciones",
PUBLISHER = 	"McGraw Hill",
YEAR = 		"2004"
}

@Book{Iranzo05,
AUTHOR=		"Pascual JuliÃÂ¡n Iranzo",
TITLE=		"LÃÂ³gica simbÃÂ³lica para informÃÂ¡ticos",
PUBLISHER = 	"Rama",
YEAR = 		"2005"
}

@Book{Lloyd93,
AUTHOR=		"J. W. Lloyd",
TITLE=		"Foundations of Logic Programming",
PUBLISHER = 	"Springer.",
YEAR = 		"1993"
}

@Book{Bratko91,
AUTHOR=		"I. Bratko",
TITLE=		"Prolog. Programming for artificial intelligence",
PUBLISHER = 	"Addison Wesley",
YEAR = 		"1991"
}

@Book{Fernandez03,
AUTHOR=		"G. FernÃÂ¡ndez and F. SÃÂºez",
TITLE=		"Fundamentos de InformÃÂ¡tica: LÃÂ³gica, AutÃÂ³matas y Lenguajes",
PUBLISHER = 	"Anaya Multimedia",
YEAR = 		"2003"
}

@Book{Klir95,
AUTHOR=		"J. G. Klir and T. A.Folger",
TITLE=		"Fuzzy sets, uncertainty and information",
PUBLISHER = 	"Prentice-Hall",
YEAR = 		"1995"
}

\end{thebibliography}