%Introd. Estadistica y Probabilidades
\begin{thebibliography}{}

 @BOOK{Garcia98,
  AUTHOR =       "C. GarcÃÂ­a OrÃÂ©",
  TITLE =        "EstadÃÂ­stica y Probabilidad",
  PUBLISHER =    "Edit. GOMES, Lima. PerÃÂº.",
  YEAR =         "1998"
}

 @BOOK{Garcia97,
  AUTHOR =       "C. GarcÃÂ­a OrÃÂ©",
  TITLE =        "Distribuciones y estadÃÂ­stica inferencial",
  PUBLISHER =    "CCONCYTEC, PERU",
  YEAR =         "1997"
}

@BOOK{Cordova97,
  AUTHOR =       "M. CÃÂ³rdova Zamora",
  TITLE =        "EstadÃÂ­stica descriptiva e Inferencial",
  PUBLISHER =    "Editorial Moshera S.R.L. Lima PerÃÂº",
  YEAR =         "1997",
  ISBN =             " ",
  edition = "3"
}

@BOOK{Moya92,
  AUTHOR =       "R. Moya C. and  G. Saravia A.",
  TITLE =        "Probabilidad e inferencia estadÃÂ­stica",
  PUBLISHER =    "Editorial San Marcos, Lima, PerÃÂº",
  YEAR =         "1992",
  edition = "2"
}

@BOOK{Mitacc99,
  AUTHOR =       "MÃÂ¡ximo Mitacc Meza",
  TITLE =        "TÃÂ³picos de EstadÃÂ­stica Descriptiva y Probabilidad",
  PUBLISHER =    "Editorial San Marcos. Lima",
  YEAR =         "1999",
  ISBN =         " "
  }

@BOOK{Larson90,
  AUTHOR =       "Harold J. Larson",
  TITLE =        "IntroducciÃÂ³n a la TeorÃÂ­a de Probabilidades e Inferencia EstadÃÂ­stica",
  PUBLISHER =    "Editorial Limusa, MÃÂ©xico",
  YEAR =         "1990",
  ISBN =         " "
  }

\end{thebibliography}