@Book{Gonzales07,
author    = {Gonzales, R. C. and Woods, R. E.},
ALTeditor = {},
title = {Digital Image Processing},
publisher = {Prentice Hall},
year = {2007},
ISBN =	 {013168728X,978013168728B},
OPTkey = {},
OPTvolume = {},
OPTnumber = {},
OPTseries = {},
OPTaddress = {},
edition = {3rd},
OPTmonth = {},
OPTnote = {},
OPTannote = {}
}

@Book{Siegwart04,
author    = {Siegwart, R. and Nourbakhsh, I.},
ALTeditor = {},
title = {Introduction to Autonomous Mobile Robots},
publisher = {The MIT Press.},
year = {2004},
ISBN =	 {0-262-19502-X},
OPTkey = {},
OPTvolume = {},
OPTnumber = {},
OPTseries = {},
OPTaddress = {},
OPTedition = {},
OPTmonth = {},
OPTnote = {},
OPTannote = {}
}

@Book{Sonka07,
author    = {Sonka, M., Hlavac, V., and Boile, R.},
ALTeditor = {},
title = {Image Processing, Analysis and Machine Vision},
publisher = {Cengage-Engineering},
year = {2007},
OPTkey = {},
OPTvolume = {},
OPTnumber = {},
OPTseries = {},
OPTaddress = {},
OPTedition = {},
OPTmonth = {},
OPTnote = {},
OPTannote = {}
}

@Book{Trun05,
author    = {Thrun, S., Burgard, W., and Fox, D.},
ALTeditor = {},
title = {Probabilistic Robotics},
publisher = {The MIT Press},
year = {2005},
OPTkey = {},
OPTvolume = {},
OPTnumber = {},
series = {Intelligent Robots and Autonomous Agents},
OPTaddress = {},
OPTedition = {},
OPTmonth = {},
OPTnote = {},
OPTannote = {}
}

@Book{Stone00,
author    = {Peter Stone},
ALTeditor = {},
title = {Layered Learning in Multiagent Systems},
publisher = {The MIT Press},
year = {2000},
ISBN =	 {9780262194389 },
OPTkey = {},
OPTvolume = {},
OPTnumber = {},
series = {Intelligent Robots and Autonomous Agents},
OPTaddress = {},
OPTedition = {},
OPTmonth = {},
OPTnote = {},
OPTannote = {}
}

