
@book{Curedale12,
  title={Design methods 1: 200 ways to apply design thinking},
  author={R,Curedale.},
  year={2012},
  publisher={EE.UU Design Community College Inc }
}


@book{Curedale13,
  title={Design methods 1: 200 ways to apply design thinking},
  author={R,Curedale.},
  year={2013},
  publisher={EE.UU Design Community College Inc }
}

@book{Upton15,
  title={Intuición, acción, creación: Graphic Design Thinking},
  author={E,Upton.},
  year={2015},
  publisher={México:Editorial Gustavo Gili}
}
@book{Munari04,
  title={?`Cómo nacen los objetos?},
  author={B,Munari.},
  year={2004},
  publisher={México:Editorial Gustavo Gili}
}