

@Book{Basadre1994,
  Title                    = {Perú: Problema y posibilidad},
  Author                   = {Basadre, Jorge},
  Publisher                = {Fundación MJ. Bustamante de la Fuente},
  Year                     = {1994},

  Owner                    = {user1},
  Timestamp                = {2014.11.26}
}

@Book{Belaunde1965,
  Title                    = {Peruanidad},
  Author                   = {Belaúnde, Víctor Andrés},
  Publisher                = {Studium},
  Year                     = {1965},

  Owner                    = {user1},
  Timestamp                = {2014.11.26}
}

@Article{Delapuente2006,
  Title                    = {Reflexiones sobre la Identidad Nacional},
  Author                   = {De la puente Candamo, José A.},
  Journal                  = {Persona y Cultura},
  Year                     = {2006},
  Number                   = {4},
  Pages                    = {9-41},
  Volume                   = {4},

  Owner                    = {user1},
  Timestamp                = {2014.11.26}
}

@Book{Messori1998,
  Title                    = {Leyendas Negras de la Iglesia},
  Author                   = {Messori, Vittorio},
  Publisher                = {Editorial Planeta, S.A.},
  Year                     = {1998},
  Edition                  = {6a. ed.},

  Owner                    = {user1},
  Timestamp                = {2014.11.26}
}

@Book{Morande1987,
  Title                    = {Cultura y Modernización en América Latina},
  Author                   = {Morandé, Pedro},
  Publisher                = {Editorial Planeta, S.A.},
  Year                     = {1987},

  Owner                    = {user1},
  Timestamp                = {2014.11.26}
}

@Book{Pease1999,
  Title                    = {Breve Historia Contemporánea del Perú},
  Author                   = {Pease, F.},
  Publisher                = {Fondo de Cultura Económica},
  Year                     = {1999},

  Owner                    = {user1},
  Timestamp                = {2014.11.26}
}

@Article{Quiroz2006,
  Title                    = {La identidad Cultural arequipeña como camino a la identidad nacional peruana.},
  Author                   = {Quiroz Paz Soldán, Eusebio},
  Journal                  = {Persona y Cultura},
  Year                     = {2006},
  Number                   = {4},
  Pages                    = {57-75},
  Volume                   = {4},

  Owner                    = {user1},
  Timestamp                = {2014.11.26}
}

@Book{Vargas1996,
  Title                    = {Historia General del Perú},
  Author                   = {Vargas Ugarte, Rubén},
  Publisher                = {Milla Batres, Carlos},
  Year                     = {1996},

  Owner                    = {user1},
  Timestamp                = {2014.11.26}
}

