\begin{thebibliography}{}


@book{Contreras15,
  title={Historia del Perú Contemporaneo},
  author={Carlos,Contresa. and Marcos,Cueto.},
  year={2015},
  edition = {Quinta Edición},
  publisher={Sebastopol}
}

@Book{Mayer44,
 title = {Cuentos feos de la reforma agraria peruana},
 publisher = {Lima,IEP Instituto de Estudios Peruano:CEPES},
 year = {1994},
 author = {Enrique,Mayer.},
 url = {http://iep.org.pe/fondo-editorial/tienda-virtual/cuentos-feos-de-la-reforma-agraria-peruana/},

}



\end{thebibliography}
