% This file was created with JabRef 2.10.
% Encoding: Cp1252


@Book{aguirre2007,
  Title                    = {Redactar en la Universidad: Conceptos y técnicas fundamentales},
  Author                   = {Aguirre, Mauricio},
  Publisher                = {UPC, Fondo Editorial},
  Year                     = {2007},
  Edition                  = {4°}
}

@Misc{aguirre2007,
  Title                    = {Estrategias para redactar},

  Author                   = {Aguirre, Mauricio},
  Year                     = {2007},

  Publisher                = {Lima: UPC}
}

@Misc{aznar2006,
  Title                    = {Etimologías grecolatinas},

  Author                   = {Aznar R, J},
  Year                     = {2006},

  Publisher                = {Pearson Education México}
}

@Book{beristain1984,
  Title                    = {Gramática estructural de la lengua española},
  Author                   = {Beristáin, Helena},
  Publisher                = {México: Ed. Limusa},
  Year                     = {2007}
}

@Book{berlo1999,
  Title                    = {El proceso de la comunicación: introducción a la teoría ya la práctica},
  Author                   = {Berlo, David K},
  Publisher                = {Bs As: Ed. Ateneo},
  Year                     = {2004}
}

@Book{Carneiro2005,
  Title                    = {Manual de redacción superior},
  Author                   = {Carneiro Figueroa, Miguel},
  Publisher                = {San Marcos},
  Year                     = {2005}
}

@Book{figueroa2011,
  Title                    = {Manual de redacción General},
  Author                   = {Cueva Sevillano, A.},
  Publisher                = {Lima: AFA Editores},
  Year                     = {2004},

  Owner                    = {user1},
  Timestamp                = {2014.11.25}
}

@Book{Cueva2004,
  Title                    = {Redacción general actualizada},
  Author                   = {Cueva Sevillano, Alfonso (ed.)},
  Editor                   = {Lima: Ed. San Marcos},
  Publisher                = {A.F.A. Editores Importadores},
  Year                     = {2004},

  Owner                    = {user1},
  Timestamp                = {2014.11.25}
}

@Book{espanola2010,
  Title                    = {Nueva gramática de la lengua española, morfología y sintaxis},
  Author                   = {Española, Real Academia},
  Publisher                = {Espasa Calpe Madrid, Spain},
  Year                     = {2010},
  Volume                   = {1},

  Comment                  = {465 R31 T.1}
}

@Book{Espanola2010,
  Title                    = {Nueva gramática de la lengua española, sintaxis II},
  Author                   = {Española, Real Academia},
  Publisher                = {Espasa Calpe Madrid, Spain},
  Year                     = {2010},
  Volume                   = {1},

  Comment                  = {465 R31 T.2},
  Owner                    = {user1},
  Timestamp                = {2014.11.25}
}

@Book{Espanol1999,
  Title                    = {Ortografía de la lengua española},
  Author                   = {Real Academia Española},
  Publisher                = {Espasa Calpe, S. A.},
  Year                     = {1999},

  Owner                    = {user1},
  Timestamp                = {2014.11.25}
}

@Electronic{Foro,
  Author                   = {Foro, sobre libros y autores},
  Language                 = {Español},
  Url                      = {www.abretelibro.com},

  Owner                    = {user1},
  Timestamp                = {2014.11.25}
}

@Misc{gatti2007,
  Title                    = {Técnicas de lectura y redacción: lenguaje científico y académico},

  Author                   = {Gatti Murriel, Carlos and Wiesse Rebagliati, Jorge},
  Year                     = {2007},

  Publisher                = {Universidad del Pacífico: Lima}
}

@Book{grijelmo2006,
  Title                    = {La gramática descomplicada},
  Author                   = {Grijelmo, Alex},
  Publisher                = {Taurus},
  Year                     = {2008}
}

@Misc{Jara2003,
  Title                    = {Introducción a la Comunicación},

  Author                   = {Jara Yupanqui, M.},
  HowPublished             = {Fondo editorial de la Universidad de Lima},
  Year                     = {2003},

  Owner                    = {user1},
  Timestamp                = {2014.11.25}
}

@Article{magallanes2000,
  Title                    = {Lenguaje y Comunicación: teoría y práctica},
  Author                   = {Magallanes, Eugenio},
  Journal                  = {San Marcos. Lima},
  Year                     = {2000}
}

@Book{murriel2009,
  Title                    = {Elementos de gramática española},
  Author                   = {Murriel, Carlos Gatti},
  Publisher                = {Universidad del Pacifico},
  Year                     = {2009},
  Volume                   = {6}
}

@Book{ramirez1993,
  Title                    = {El acento escrito},
  Author                   = {Ramírez, Luis Hernán},
  Publisher                = {Lima: Derrama Magisterial},
  Year                     = {2003}
}

@Book{rojas2007,
  Title                    = {Fundamentos de semiótica y lingüística},
  Author                   = {Rojas, Víctor Miguel Niño},
  Publisher                = {Colombia: Ecoe Ediciones},
  Year                     = {2007},
  Edition                  = {5°}
}

@Article{ruffinelli1984,
  Title                    = {Comprensión de la lectura},
  Author                   = {Ruffinelli, Jorge},
  Journal                  = {ANVIES. Edit. Edicol: México},
  Year                     = {1984}
}

@Article{sanchez2006,
  Title                    = {Saber escribir},
  Author                   = {Sánchez Lobato, Jesús and others},
  Journal                  = {Madrid, Instituto Cervantes-Editorial Aguilar},
  Year                     = {2006}
}

@Article{saussure2008,
  Title                    = {Curso de lingüística general},
  Author                   = {Saussure, Ferdinand},
  Year                     = {2001},

  Publisher                = {España Alianza Editores}
}

@Book{Villanueva2007,
  Title                    = {Ortografía, redacción y gramática},
  Author                   = {Villanueva Chávez, Vidal},
  Publisher                = {Bruño},
  Year                     = {2007},

  Owner                    = {user1},
  Timestamp                = {2014.11.25}
}

@Book{vivaldi2000,
  Title                    = {Curso de redacción: teoría y práctica de la composición y del estilo},
  Author                   = {Vivaldi, Gonzalo Martín},
  Publisher                = {Editorial Paraninfo},
  Year                     = {2006}
}

