\begin{thebibliography}{}
%
% BiBTeX data base
%---------------------------------------------------------------------------------------
%% bibtextfile{
%%  author     = "Ernesto Cuadros Vargas",
%%  version    = "2.0",
%%  date       = "December, 28 2003",
%%  filename   = "ernesto.bib",
%%  address    = "ICMC--USP Sao Carlos",
%%  email      = "<ecuadros at icmc.usp.br>"
%% }
%---------------------------------------------------------------------------------------

@Preamble{
  " "
}

%---------------------------------------------------------------------------------------

@COMMENT(by Er)

% constantes

@String{AI    = {Artificial Intelligence}}
@String{AAI   = {Applied Artificial Intelligence}}
@String{AAAI  = {American Association for Artificial Intelligence}}
@String{AIMag = {AI Magazine}}
@String{CACM  = {Communications of the ACM}}
@String{MK    = {Morgan Kaufmann}}
@String{ML    = {Machine Learning}}
@String{SV    = {Springer-Verlag}}
@String{NN    = {Neural Networks}}
@String{ANN   = {Artificial Neural Networks}}
@String{TR    = {Technical Report}}
@String{VLDB  = {International Conference on Very Large Databases}}
@String{ESANN = {European Symposium on Artificial Neural Networks}}
@String{IJCNN = {International Joint COnference on Neural Networks}}
@String{ICANN = {International Conference on Artificial Neural Networks}}
@String{ICONIP= {International Conference on Neural Information Processing}}
@String{ICNN  = {International Conference on Neural Networks}}
@String{NIPS  = {Neural Information Processing Systems}}
@String{SPIRE = {South American Symposium on String Processing and Information Retrieval}}
@String{WSOM  = {Workshop on Self-Organizing Maps}}
%---------------------------------------------------------------------------------------

@PROCEEDINGS{myproceedings,
  TITLE         = {xxTitle},
  YEAR          = {xxYear},
  editor        = {xxeditor},
  publisher     = {xxpublisher},
  volume        = {xxvolume},
  _number        = {xxnumber},
  series        = {xxseries},
  organization  = {xxorganization},
  address       = {xxaddress},
  month         = {xxmonth},
  note          = {xxnote},
  abstract      = {xxabstract},
  isbn          = {xxisbn},
  price         = {xxprice},
  keywords      = {xxkeywords},
  source        = {xxsource},
  file          = {xxabc.pdf}
}

@INPROCEEDINGS{myinproceedings,
  AUTHOR =       "myinproceedings xxauthor",
  TITLE =        "xxtitle",
  BOOKTITLE =    "xxbooktitle",
  YEAR =         "xxyear",
  editor =       "xxeditor",
  volume =       "xxvolume",
  _number =       "xxnumber",
  series =       "xxseries",
  pages =        "xxpages",
  address =      "xxaddress",
  month =        "xxmonth",
  organization = "xxorganization",
  publisher =    "xxpublisher",
  note =         "xxnote",
  abstract =     "xxabstract",
  keywords =     "xxkeywords",
  file     = "xxabc.pdf"
}

@TECHREPORT{mytechreport,
  AUTHOR      = {mytechreport xxauthor},
  TITLE       = {xxtitle},
  INSTITUTION = {xxinstitution},
  YEAR        = {1985},
  type        = {xxtype},
  number      = {99},
  address     = {xxaddress},
  month       = {feb},
  note        = {xxnote},
  abstract    = {xxabstract},
  keywords    = {xxkeywords},
  source      = {xxsource},
  file        = Fxx
}

@BOOK{mybook,
  AUTHOR      = {xxauthor},
  _editor     = {xxeditor},
  TITLE       = {xxTITLE},
  PUBLISHER   = {xxPUBLISHER},
  YEAR        = {xxYEAR},
  volume      = {xxvolume},
  _number     = {xxnumber},
  _series      = {xxseries},
  _address     = {xxaddress},
  _edition     = {xxedition},
  month       = {xxmonth},
  note        = {xxnote},
  abstract    = {xxabstract},
  isbn        = {xxisbn},
  price       = {xxprice},
  keywords    = {xxkeywords},
  source      = {xxsource},
  file        = F
}

@INBOOK{myinbook,
  AUTHOR =       "myinbook xxauthor",
  _editor =       "xxeditor",
  TITLE =        "xxtitle",
  CHAPTER =      "xxchapter",
  pages =        "xxpages",
  PUBLISHER =    "xxpublisher",
  YEAR =         "xxyear",
  volume =       "xxvolume",
  _number =       "xxnumber",
  series =       "xxseries",
  type =         "xxtype",
  address =      "xxaddress",
  edition =      "xxedition",
  month =        "xxmonth",
  note =         "xxnote",
  abstract =     "xxabstract",
  keywords =     "xxkeywords",
  file = Fxx
}

@MASTERSTHESIS{mymastersthesis,
  AUTHOR =       {mymastersthesis xxauthor},
  TITLE =        {xxtitle},
  SCHOOL =       {xxschool},
  YEAR =         {xxyear},
  type =         {xxtype},
  address =      {xxaddress},
  month =        {xxmonth},
  note =         {xxnote},
  abstract =     {xxabstract},
  keywords =     {xxkeywords},
  source =       {xxsource},
  file = Fxx
}

@PHDTHESIS{myphdthesis,
  AUTHOR =       "myphdthesis xxauthor",
  TITLE =        "xxtitle",
  SCHOOL =       "xxschool",
  YEAR =         "xxyear",
  type =         "xxtype",
  address =      "xxaddress",
  month =        "xxmonth",
  note =         "xxnote",
  abstract =     "xxabstract",
  keywords =     "xxkeywords",
  source =       "xxsource",
  file = Fxx
}

@UNPUBLISHED{myunpublished,
  AUTHOR    = {xxAUTHOR},
  TITLE     = {xxTITLE},
  NOTE      = {xxNOTE},
  year      = {xxyear},
  month     = {xxmonth},
  abstract  = {xxabstract},
  keywords  = {xxkeywords},
  source    = {xxsource},
  file      = {xxfile}
}

@MISC{mymisc,
  author       = {xxAuthor},
  title        = {xxTitle},
  howpublished = {xxHowpublished},
  year         = {xxyear},
  month        = {xxmonth},
  note         = {xxnote},
  abstract     = {xxabstract},
  keywords     = {xxkeywords},
  source       = {xxsource},
  file         = {xxfile}
}

@TECHREPORT{InformationTechnology2005,
  AUTHOR      = {ACM and IEEE-CS},
  TITLE       = {Computing Curricula: Information Technology},
  INSTITUTION = {ACM, IEEE-CS},
  YEAR        = {2005},
  _type        = {xxtype},
  _number      = {99},
  _address     = {xxaddress},
  _month       = {feb},
  _note        = {xxnote},
  _abstract    = {xxabstract},
  _keywords    = {xxkeywords},
  _source      = {xxsource},
  _file        = Fxx
}

@ARTICLE{Fernandez:01AG,
    author =       {Fernando Fern√°ndez and Pedro Isasi},
    title =        {Designing nearest neighbour classifiers by the evolution of a population of prototypes},
    journal =      ESANN,
    year =         {2001},
    pages =        {171-178},
    month =        apr,
    note =         {ES2001-456},
    address  =     {Bruges (Belgium)},
    annote =       {ISBN 2-930307-01-3}
}

@ARTICLE{Chalkiadakis:01,
  author =       {I. Chalkiadakis and G. Rovithakis and M. Zervakis},
  title =        {A structural genetic algorithm to optimize High Order Neural Network architecture},
  journal =      {ESANN'2001 proceedings - European Symposium on Artificial Neural Networks},
  year =         {2001},
  pages =        {185-192},
  month =        apr,
  note =         {ES2001-454},
  address  =     {Bruges (Belgium)},
  ISBN   =       {2-930307-01-3}
}

@ARTICLE{Hammer:01,
  author =       {B. Hammer and T. Villmann},
  title =        {Input pruning for neural gas architectures},
  journal =      {ESANN'2001 proceedings - European Symposium on Artificial Neural Networks},
  year =         {2001},
  pages =        {283-288},
  month =        apr,
  note =         {ES2001-2},
  address  =     {Bruges (Belgium)},
  ISBN   =       {2-930307-01-3}
}

%%%%%%%%%%%%%%%  I  J  C  N  N  %%%%%%%%%%%%%%%%

@INPROCEEDINGS{Barbalho:01,
  author    = {J.M. Barbalho and A. Duarte and D. Neto and Costa and J.A.F.; M.L.A. Netto},
  title     = {Hierarchical SOM applied to image compression},
  booktitle = IJCNN,
  year      = {2001},
  volume    = {1},
  pages     = {442-447},
  address   = {Washington DC},
  publisher = {IEEE Press}
}

@ARTICLE{Lim:01,
  author =       {Joo-Hwee Lim and Jian Kang Wu and Sumeet Singh and Desai Narasimhalu},
  title =        {Learning Similarity Matching in Multimedia Content-Based Retrieval},
  journal =      {IEEE Transactions on Knowledge and Data Engineering},
  year =         {2001},
  volume =       {13},
  number =       {5},
  pages =        {846-850},
  month =        sep
}

@INPROCEEDINGS{Kirk:01,
  author    = {J.S. Kirk and Dar-Jen Chang and J.M. Zurada},
  title     = {A self-organizing map with dynamic architecture for efficient color quantization},
  booktitle = IJCNN,
  year      = {2001},
  volume    = {3},
  pages     = {2128-2132},
  address   = {Washington DC},
  publisher = {IEEE Press}
}

@INPROCEEDINGS{Lee:01,
  author    = {Hahn-Ming Lee and Chih-Ming Chen and Yung-Feng Lu},
  title     = {A self-organizing HCMAC neural network classifier},
  booktitle = IJCNN,
  year      = {2001},
  volume    = {3},
  pages     = {1960-1965},
  address   = {Washington DC},
  publisher = {IEEE Press}
}

@INPROCEEDINGS{Martins:01,
  author    = {W. Martins and J. Carlos Meira e Silva},
  title     = {Multidimensional data ranking using self-organising maps and genetic algorithms},
  booktitle = IJCNN,
  year      = {2001},
  volume    = {4},
  pages     = {2382-2387},
  address   = {Washington DC},
  publisher = {IEEE Press}
}

@INPROCEEDINGS{Merwe:01,
  author    = {N.T. van der Merwe and A.J. Hoffman and C. Stander and S.P. Heyns},
  title     = {A nearest neighbour rule with class membership (NNRC) for modelling problems},
  booktitle = IJCNN,
  year      = {2001},
  volume    = {3},
  pages     = {2104-2109},
  address   = {Washington DC},
  publisher = {{IEEE Press}}
}

@INPROCEEDINGS{Morris:01,
  author    = {S.A. Morris and Z. Wu and G. Yen},
  title     = {A SOM mapping technique for visualizing documents in a database},
  booktitle = IJCNN,
  year      = {2001},
  volume    = {3},
  pages     = {1914-1919},
  address   = {Washington DC},
  publisher = {{IEEE Press}}
}

%%%%%%%%%%%%%%%%************************************************%%%%%%%%%%%%%%%%%%%%
%%%%%%%%%%%%%%%%************************************************%%%%%%%%%%%%%%%%%%%%
%%%%%%%%%%%%%%%%************************************************%%%%%%%%%%%%%%%%%%%%
%%%%%%%%%%%%%%%%************************************************%%%%%%%%%%%%%%%%%%%%
%%%%%%%%%%%%%%%%************************************************%%%%%%%%%%%%%%%%%%%%

@BOOK{Aaron:98:MT,
  author      = {Aaron Cohen and Mike Woodring and Ronald Petrusha (Editor)},
  title       = {Win32 Multithreaded Programming},
  year        = {1998},
  _school      = {},
  publisher   = {O'Reilly \& Associates}
}

@INPROCEEDINGS{Alahakoon:98a:GSOM,
  author     = {D. Alahakoon and S.K. Halgamuge and B. Srinivasan},
  TITLE        = {A Structure Adapting Feature Map for Optimal Cluster Representation},
  BOOKTITLE    = ICONIP,
  YEAR         = {1998},
  _editor       = {},
  _volume       = {},
  _number       = {},
  _series       = {},
  pages        = {809--812},
  address      = {Kitakyushu, Japan},
  month        = oct,
  _organization = {},
  _publisher    = {},
  _note         = {},
  _abstract     = {},
  _keywords     = {},
  _file         = {}
}

@INPROCEEDINGS{Alahakoon:98b:GSOM,
  author     = {D. Alahakoon and S.K. Halgamuge and B. Srinivasan},
  TITLE        = {A self growing cluster development approach to data mining},
  BOOKTITLE    = {IEEE International Conference on Systems, Man and Cybernetics},
  YEAR         = {1998},
  _editor       = {},
  volume       = {3},
  _number       = {},
  _series       = {},
  pages        = {2901--2906},
  _address      = {},
  _month        = oct,
  _organization = {},
  _publisher    = {},
  _note         = {},
  _abstract     = {},
  _keywords     = {},
  _file         = {}
}

@ARTICLE{Alahakoon:00:GSOM,
  author     = {D. Alahakoon and S.K. Halgamuge and B. Srinivasan},
  title      = {Dynamic Self-Organizing Map with Controlled Growth for Knowledge Discovery},
  year       = {2000},
  journal    = {{IEEE} Transactions on Neural Networks},
  volume     = {11},
  number     = {3},
  pages      = {601-614},
}

@inproceedings{albers96selforganizing,
  author     = {Susanne Albers and Jeffery Westbrook},
  title      = {Self-Organizing Data Structures},
  booktitle  = {Online Algorithms},
  pages      = {13-51},
  year       = {1996},
  url        = {http://citeseer.nj.nec.com/albers98selforganizing.html},
  lastaccess   = {08/01/2004}
}

@ARTICLE{Amari:83,
   author    = {S. I. Amari},
   title     = {Field theory of Self-organizing Neural Nets},
   journal   = {IEEE Transactions on Systems, Man, and Cybernetics},
   year      = {1983},
   volume    = {SMC-13},
   pages     = {741--748}
}

@INPROCEEDINGS{Anderson:94,
   author     = {C. Anderson and D. Van Essen},
   title      = {Neurobiological Computational Cystems},
   booktitle  = {Computational Intelligence Imitating Life},
   year       = {1994},
   pages      = {213--222},
   address    = {New York},
   publisher  = {{IEEE Press}}
}

@INPROCEEDINGS{Anderson:94a,
  author    = {Timothy Anderson},
  title     = {Auditory Models with Kohonen SOFM and LVQ for Speaker Independent Phoneme Recognition},
  booktitle = ICNN,
  year      = {1994},
  pages     = {4466--4469},
  address   = {Piscataway, NJ},
  publisher = {IEEE Service Center},
  annote    = {Application on Speech Recognition},
}

@INPROCEEDINGS{Annamalai:00:Oracle8i,
  AUTHOR       = {M. Annamalai and R. Chopra and S. Defazio},
  TITLE        = {Indexing {I}mages in {O}racle8i},
  BOOKTITLE    = {ACM SIGMOD international Conference on the Management of Data},
  YEAR         = {2000},
  _editor       = {},
  _volume       = {},
  _number       = {},
  _series       = {},
  pages        = {539--547},
  address      = {Dallas},
  _month        = {},
  _organization = {},
  _publisher    = {},
  _note         = {},
  _abstract     = {},
  _keywords     = {},
  _file         = {}
}

@BOOK{ATL:00,
  AUTHOR =      {Andrew Troelsen},
  TITLE =       {Developer\'s Workshop to COM and ATL 3.0},
  PUBLISHER =    {Wordware Publishing},
  YEAR =         {2000}
}

% falta completar esta referencia el anho esta ok ?
@misc{atukorale-hierarchical,
  author = {Ajantha Atukorale and P.N. Suganthan},
  title  = {Hierarchical overlapped Neural-Gas network with application to pattern classification},
  year   = {1998},
  url    = {http://citeseer.nj.nec.com/atukorale00hierarchical.html},
  lastaccess   = {08/01/2004}
}

@ARTICLE{Aurenhammer:91:Voronoi,
  AUTHOR   = {F. Aurenhammer},
  TITLE    = {Voronoi diagrams -- a survey of a fundamental geometric data structure},
  JOURNAL  = {ACM Computing Survey},
  YEAR     = {1991},
  volume   = {23},
  number   = {3},
  _pages    = {},
  _month    = {},
  _note     = {},
  _abstract = {},
  _keywords = {},
  _source   = {},
  _file     = {}
}

@INPROCEEDINGS{Baeza:94:FQTrees,
    author     = {R. A. Baeza-Yates and W. Cunto and U. Manber and S. Wu},
    title      = {Proximity Matching Using Fixed-Queries Trees},
    booktitle  = {Annual Symposium on Combinatorial Pattern Matching},
    year       = {1994},
    editor     = {M. Crochemore and D. Gusfield},
    volume     = {807},
    pages      = {198-212},
    address    = {Asilomar, CA},
    publisher  = {Springer-Verlag, Berlin},
    url        = {http://citeseer.nj.nec.com/219706.html},
    lastaccess = {08/01/2004}
}

@INPROCEEDINGS{Baeza:97:AlgorithmicTour,
  AUTHOR       = {Ricardo Baeza-Yates},
  TITLE        = {Searching: an algorithmic tour},
  BOOKTITLE    = {Encyclopedia of {C}omputer {S}cience and {T}echnology},
  YEAR         = {1997},
  editor       = {A. Kent and J. Williams},
  volume       = {37},
  _number       = {},
  _series       = {},
  pages        = {331-359},
  _address      = {},
  _month        = {},
  _organization = {},
  publisher    = {Marcel Dekker Inc.},
  _note         = {},
  _abstract     = {},
  _keywords     = {},
  _file         = {}
}

@INPROCEEDINGS{Baeza:98:FastApproximationString,
  AUTHOR       = {R. Baeza-Yates and G. Navarro},
  TITLE        = {Fast approximate string matching in a dictionary},
  BOOKTITLE    = SPIRE,
  YEAR         = {1998},
  _editor       = {},
  _volume       = {},
  _number       = {},
  _series       = {},
  pages        = {14-22},
  _address      = {},
  _month        = {},
  _organization = {},
  publisher    = {{IEEE CS P}ress},
  _note         = {},
  _abstract     = {},
  _keywords     = {},
  _file         = {}
}

@inproceedings{baezayates90adaptive,
    author     = {Ricardo A. Baeza-Yates},
    title      = {An Adaptive Overflow Technique for B-trees},
    booktitle  = {Extending Database Technology},
    pages      = {16-28},
    year       = {1990},
    url        = {http://citeseer.nj.nec.com/99409.html},
    lastaccess   = {08/01/2004}
}

@book{baezayates99modern,
    author = {Ricardo A. Baeza-Yates and Berthier A. Ribeiro-Neto},
    title = {Modern Information Retrieval},
    publisher = {ACM Press / Addison-Wesley},
    isbn = {0-201-39829-X},
    year = {1999},
    url = {http://citeseer.nj.nec.com/433337.html},
    lastaccess   = {08/01/2004}
}

@TECHREPORT{Baraldi:98:FOSART,
  author =       {A. Baraldi and P. Blonda},
  title =        {A survey of fuzzy clustering algorithms for pattern recognition},
  institution =  {International Computer Science Institute},
  year =         {1998},
  type =         {TR-98},
  number =       {038},
  address =      {1947 Center St. Suite 600, Berkeley, California 94704-1198},
  month =        oct
}

@INPROCEEDINGS{Baraldi:98:Fuzzy,
  author    = {A Baraldi and F. Parmiggiani},
  title     = {A Fuzzy Neural Network Model Capable of Generating/Removing Neurons and Synaptic Links Dynamically},
  booktitle = {II Italian Workshop on Fuzzy Logic},
  year      = {1998},
  editor    = {P. Blonda, M. Castellano and A. Petrosino},
  month     = mar,
  pages     = {247-259},
  address   = {Singapure},
  publisher = {World Scientific}
}

@ARTICLE{Barlow:89,
    author     = {Barlow, H. B.},
    title      = {Unsupervised Learning},
    journal    = {Neural Computation},
    year       = {1989},
    volume     = {1},
    number     = {3},
    pages      = {295--311}
}

@INPROCEEDINGS{Bartfai:94,
    author     = {G. Bartfai},
    title      = {Hierarchical Clustering with ART Neural Networks},
    booktitle  = ICNN,
    year       = {1994},
    volume     = {2},
    pages      = {940--944},
    publisher  = {{IEEE Press.}},
    url        = {http://citeseer.nj.nec.com/bartfai94hierarchical.html},
    lastaccess = {08/01/2004}
}

@ARTICLE{Bartfai:95,
 author     = {G. Bartfai},
 title      = {An ART-based Modular Architecture for Learning Hierarchical Clusterings},
 year       = {1995},
 journal    = {TR},
 volume     = {CS-TR-95/3},
 school     = {Department of Computer Science, Victoria. University of Wellington, New Zealand.},
 month      = feb,
 url        = {http://citeseer.nj.nec.com/54299.html},
 lastaccess = {08/01/2004}
}

@MISC{Bartfai:96,
    author     = {G. Bartfai},
    title      = {An ART-based Modular Architecture for Learning Hierarchical Clusterings},
    year       = {1996},
    text       = {In press},
    note     = {http://citeseer.nj.nec.com/54299.html},
    lastaccess   = {08/01/2004}
}

@ARTICLE{Baldi:89,
    author   = {P. Baldi and K. Hornik},
    title    = {Neural Networks and Principal Component Analysis: learning from examples
                without local minima},
    year     = {1989},
    journal  = {Neural networks},
    volume   = {2},
    pages    = {53--58}
}

@INPROCEEDINGS{Bachelder:93,
    author     = {I. Bachelder and A. Waxman and M. Seibert},
    title      = {A Neural System for Mobile Robot Visual Place Learning and Recognition},
    booktitle  = {World Congress on Neural Networks},
    year       = {1993},
    volume     = {I},
    pages      = {512--517},
    address    = {Hillsdale},
    publisher  = {NJ: Erlbaum Associates}
}

@inproceedings{BCP02,
 author  = {Ilaria Bartolini and Paolo Ciaccia and Marco Patella},
 title   = {String Matching with Metric Trees Using an Approximate Distance},
 booktitle = {International Symposium on String Processing and Information Retrieval (SPIRE 2002), 9th},
 pages   = {271--283},
 address = {Lisbon, Portugal},
 year    = {2002},
 month   = sep,
 publisher = {Springer}
}

@ARTICLE{Bayern:72:BTree,
  author   = {R. Bayer and E. McCreight},
  title    = {Organization and Maintenance of Large Ordered Indexes},
  year     = {1972},
  journal  = {Acta Informatica},
  volume   = {1},
  number   = {3},
  pages    = {173-189},
  keywords = {primkey trees}
}

@BOOK{Beale:90,
    author    = {R. Beale and T. Jackson},
    title     = {Neural Computing: an Introduction},
    year      = {1990},
    publisher = {Adam Hilder},
}

@INPROCEEDINGS{Beckmann90RStarTree,
    author     = {N. Beckmann and H. Kriegel and R. Schneider and B. Seeger},
    title      = {The R-Tree: An efficient and robust access method for points and rectangles},
    booktitle  = {ACM SIGMOD International Conference on Management of Data},
    year       = {1990},
    volume     = {1},
    pages      = {322-331}
}

@MASTERSTHESIS{Beker:97,
    author    =  {M. F. Beker},
    title     =  {Representaci√≥n de √Åudio en Bancos de Dados},
    year      =  {1997},
    school    =  {Universidade de S√£o Paulo, ICMC-USP},
    address   =  {S√£o Carlos-SP},
    mouth     =  {Setembro},
}

@INPROCEEDINGS{Belew:87,
  author       = {R. Belew},
  title        = {A Connectionist Approach to Conceptual Information Retrieval},
  booktitle    = {International Conference on IA and Law},
  year         = {1987}
}

@INPROCEEDINGS{Belussi95,
  AUTHOR       = {A. Belussi and Christos Faloutsos},
  TITLE        = {Estimating the Selectivity of Spatial Queries Using the 'Correlation' Fractal Dimension},
  BOOKTITLE    = {International Conference on Very Large Data Bases, 21st},
  YEAR         = {1995},
  editor       = {},
  volume       = {},
  number       = {},
  series       = {},
  pages        = {299--310},
  address      = {Zurich},
  month        = {},
  organization = {},
  publisher    = {},
  note         = {},
  abstract     = {},
  keywords     = {},
  file         = {}
}

@ARTICLE{Belussi98,
  AUTHOR   = {A. Belussi and Christos Faloutsos},
  TITLE    = {Self-{S}pacial {J}oin {S}electivity {E}stimation {U}sing {F}ractal {C}oncepts},
  JOURNAL  = {ACM Transactions on Information Systems},
  YEAR     = {1998},
  volume   = {16},
  number   = {2},
  pages    = {161--201},
  month    = {},
  note     = {},
  abstract = {},
  keywords = {},
  source   = {},
  file     = {}
}

@ARTICLE{Bentley:75,
  author =       {J.L. Bentley},
  title =        {Multidimensional Binary Search Trees Used for Associative Searching},
  journal =      {Communications of the ACM},
  year =         {1975},
  volume =       {18},
  number =       {9},
  pages =        {509-517}
}

@ARTICLE{Bernardon:95,
  author     ={A. M. Bernardon and J. E. Carrick},
  title      ={A neural system for automatic target learning and recognition applied to bare and camoulflaged SAR target},
  year       ={1995},
  journal    ={Neural Networks},
  volume     ={8},
  pages      ={1103--1108}
}

@INPROCEEDINGS{Berthold:95,
  author       = {Michael R. Berthold and Jay Diamond},
  title        = {Boosting the Performance of {RBF} Networks with Dynamic Decay Adjustment},
  booktitle    = {Advances in Neural Information Processing Systems},
  year         = {1995},
  volume       = {7},
  pages        = {521--528},
  month        = jul,
  publisher    = {{MIT Press}}
}

@INPROCEEDINGS{Berchtold:96:XTree,
  AUTHOR       = {S. Berchtold and D.A. Keim and H.P. Kriegel},
  TITLE        = {The X-Tree: An index structure for high-dimensional data},
  BOOKTITLE    = {International Conference on Very Large Data Bases, 22nd},
  YEAR         = {1996},
  _editor       = {},
  _volume       = {},
  _number       = {},
  _series       = {},
  pages        = {28--39},
  address      = {Mumbai (Bombay)},
  _month        = {},
  _organization = {},
  _publisher    = {},
  _note         = {},
  _abstract     = {},
  _keywords     = {},
  _file         = {}
}

@INPROCEEDINGS{Beucher:79:Watershed,
  AUTHOR       = {S. Beucher and C. Lantu Joul},
  TITLE        = {{U}se of {W}atersheds in {C}ontour {D}etection},
  BOOKTITLE    = {Int'l Workshop Image Processing, Real-Time Edge and Motion Detection / Estimation},
  YEAR         = {1979},
  _editor       = {},
  _volume       = {},
  _number       = {},
  _series       = {},
  _pages        = {},
  address      = {Rennes, France},
  _month        = {},
  _organization = {},
  _publisher    = {},
  _note         = {},
  _abstract     = {},
  _keywords     = {},
  _file         = {}
}

@INPROCEEDINGS{Bezdek:92,
    author    = {James C. Bezdek},
    title     = {Integration and generalization of {LVQ} and c-means clustering},
    booktitle = {Intelligent Robots and Computer Vision XI: Biological, Neural Net, and 3-D Methods},
    year      = {1992},
    pages     = {280--299},
    volume    = {1826},
    address   = {Bellingham, WA},
    publisher = {SPIE}
}

@ARTICLE{BibliographySOM-1,
  AUTHOR   = {Samuel Kaski and Jari Kangas and Teuvo Kohonen},
  TITLE    = {Bibliography of {S}elf-{O}rganizing {M}ap ({SOM}) {P}apers: 1981-1997},
  JOURNAL  = {Neural Computing Surveys},
  YEAR     = {1998},
  volume   = {1},
  _number   = {},
  pages    = {102-350},
  _month    = {},
  _note     = {},
  _abstract = {},
  _keywords = {},
  _source   = {},
  _file     = {}
}

@ARTICLE{BibliographySOM-2,
  AUTHOR   = {Merja Oja and Samuel Kaski and Teuvo Kohonen},
  TITLE    = {{B}ibliography of {S}elf-{O}rganizing {M}ap ({SOM}) {P}apers: 1998-2001 Addendum},
  JOURNAL  = {Neural Computing Surveys},
  YEAR     = {2003},
  volume   = {3},
  _number   = {},
  pages    = {1--156},
  _month    = {},
  _note     = {},
  _abstract = {},
  _keywords = {},
  _source   = {},
  _file     = {}
}

@BOOK{BillJoy:2000:Java,
  AUTHOR    = {Bill Joy and Guy Steele and James Gosling and Gilad Bracha},
  TITLE     = {Java(TM) Language Specification},
  PUBLISHER = {Addison-Wesley Pub Co},
  YEAR      = {2000},
  _volume    = {},
  _number    = {},
  _series    = {},
  _address   = {},
  edition   = {2nd},
  month     = jun,
  _note      = {},
  _abstract  = {},
  isbn      = {0201310082},
  price     = {US\$39.99},
  keywords  = {java},
  _source    = {},
  _file      = {}
}

@article{bishop98gtm,
   author  = {Christopher M. Bishop and Markus Svensen and Christopher K. I. Williams},
   title   = {GTM: The Generative Topographic Mapping},
   journal = {Neural Computation},
   volume  = {10},
   number  = {1},
   pages   = {215-234},
   year    = {1998},
   url     = {http://citeseer.nj.nec.com/bishop98gtm.html},
   lastaccess   = {08/01/2004}
}

@inproceedings{Blackmore:93:Incremental,
    author    = {Justine Blackmore and Risto Miikkulainen},
    title     = {Incremental Grid Growing: Encoding High-Dimensional Structure into a Two-Dimensional Feature Map},
    booktitle = ICNN,
    volume    = {I},
    publisher = {IEEE Service Center},
    address   = {San Francisco-CA},
    pages     = {450--455},
    year      = {1993},
    url       = {http://citeseer.nj.nec.com/blackmore93incremental.html},
    lastaccess   = {08/01/2004}
}

@MASTERSTHESIS{Blackmore:95:IGG,
  AUTHOR   = {Justine Marie Blackmore},
  TITLE    = {{V}isualizing {H}igh-{D}imensional {S}tructure with {I}ncremental {G}rid {G}rowing {N}eural {N}etwork},
  SCHOOL   = {University of Texas at Austin},
  YEAR     = {1995},
  _type     = {},
  address  = {Austin},
  month    = aug,
  _note     = {},
  _abstract = {},
  _keywords = {},
  _source   = {},
  _file     = {}
}

@INPROCEEDINGS{blackmore95visualizing,
  AUTHOR       = {J. Blackmore and R. Miikkulainen},
  TITLE        = {{V}isualizing {H}igh-{D}imensional {S}tructure with {I}ncremental {G}rid {G}rowing {N}eural {N}etwork},
  BOOKTITLE    = {International Conference on Machine Learning, 12th},
  YEAR         = {1995},
  editor       = {A. Prieditis and S. Russell},
  _volume       = {},
  _number       = {},
  _series       = {},
  pages        = {55--63},
  address      = {San Francisco, CA, USA},
  _month        = {},
  _organization = {},
  publisher    = {Morgan Kaufmann Publishers},
  _note         = {},
  _abstract     = {},
  _keywords     = {},
  url         = {http://citeseer.nj.nec.com/blackmore95visualizing.html},

}

@Article{Blonda:97,
   author    = {P. Blonda and A. Baraldi and G. Bafunno and G. Satalino  and G. Ria},
   title     = {Experimental comparison of FOSART and F LVQ  in a  remotely sensed image classification task},
   journal   = {Proceedings of the SPIE---The International Society for Optical Engineering},
   year      = {1997},
   volume    = {3165},
   pages     = {113--22},
   address   = {San Diego, CA, USA },
   note    = {Applications of Soft Computing Conf. Date: 28--29 July}
}

@TECHREPORT{Blott:97,
  AUTHOR      = {S. Blott and R. Weber},
  TITLE       = {A simple vector-approximation file for similarity search in high-dimensional vector spaces},
  INSTITUTION = {Institute for Informatics Systems - ETH Zentrum},
  YEAR        = {1997},
  _type        = {},
  _number      = {},
  address     = {Zurich, Switzerland},
  _month       = {},
  _note        = {},
  _abstract    = {},
  _keywords    = {},
  _source      = {},
  _file        = {}
}

@ARTICLE{Bohm:01:SurveyForSAM,
 AUTHOR    = {C. B√∂hm and S. Berchtold and D.A. Keim},
  TITLE    = {{S}earching in {H}igh-{D}imensional {S}paces: {I}ndex {S}tructures for {I}mproving the {P}erformance of {M}ultimedia {D}atabases},
  JOURNAL  = {ACM Computing Surveys},
  YEAR     = {2001},
  volume   = {33},
  number   = {3},
  pages    = {322--373},
  _month    = {},
  _note     = {},
  _abstract = {},
  _keywords = {},
  _source   = {},
  _file     = {}
}

@MISC{Bose:96,
  author    = {S. Bose  and  C. Murthy},
  title     = {New LVQ Model. Technical rept.},
  year      = {1996}
}

@INPROCEEDINGS{Bouton:91,
  AUTHOR       = {C. Bouton and M. Cottrell and J. C. Fort and G. Pag√©s},
  TITLE        = {Self-organization and convergence of the Kohonen algorithm},
  BOOKTITLE    = {Probabilit√©s Num√©riques},
  YEAR         = {1991},
  editor       = {N. Bouleau and D. Talay},
  volume       = {2},
  _number       = {},
  _series       = {},
  pages        = {163--180},
  address      = {Paris, France},
  _month        = {},
  _organization = {},
  publisher    = {INRIA},
  _note         = {},
  _abstract     = {},
  _keywords     = {},
  _file         = {}
}

@ARTICLE{Bouton:94,
  AUTHOR   = {C. Bouton and G. Pag√©s},
  TITLE    = {Convergence in distribution of the one-dimensional Kohonen algorithms when the stimuli are not uniform},
  JOURNAL  = {Advances in Applied Probability},
  YEAR     = {1994},
  volume   = {26},
  _number   = {},
  pages    = {80-103},
  _month    = {},
  _note     = {},
  _abstract = {},
  _keywords = {},
  _source   = {},
  _file     = {}
}

@INPROCEEDINGS{Bozkaya-Ozsoyoglu:97,
  AUTHOR       = {Tolga Bozkaya and Meral Ozsoyoglu},
  TITLE        = {Distance-based indexing for high-dimensional metric spaces},
  BOOKTITLE    = {{ACM SIGMOD} {I}nternational {C}onference on {M}anagement of {D}ata},
  YEAR         = {1997},
  _editor       = {},
  _volume       = {},
  _number       = {},
  _series       = {},
  pages        = {357-368},
  _address      = {},
  _month        = {},
  _organization = {},
  _publisher    = {},
  note         = {Sigmod Record 26(2)},
  _abstract     = {},
  _keywords     = {},
  _file         = {}
}

@ARTICLE{Bozkaya:99,
  author =       {Tolga Bozkaya and Meral Ozsoyoglu},
  title =        {Indexing Large Metric Spaces for Similarity Search Queries},
  journal =      {ACM TRANSACTIONS ON DATABASE SYSTEMS},
  year =         {1999},
  volume =       {24},
  number =       {3},
  pages =        {361-404}
}

@BOOK{Braga:98,
  author       = {Ant\^onio Braga and Andr\'e de Carvalho and Teresa Ludermir},
  title        = {Fundamentos de Redes Neurais Artificiais},
  year         = {1998},
  month        = mai,
  publisher    = {XI Escola Brasileira de Computa\c{c}\~ao}
}

@BOOK{Braga:00,
  author       = {A. Braga and T. Ludermir and A. Carvalho},
  title        = {Redes Neurais Artificiais: Teoria e Aplicacoes},
  year         = {2000},
  publisher    = {LTC - Livros T√™cnicos e Cient√≠ficos}
}

@INPROCEEDINGS{Brin:95:GNAT,
  author       = {Sergey Brin},
  title        = {Near Neighbor Search in Large Metric Spaces},
  booktitle    = VLDB,
  pages        = {574--584},
  year         = {1995},
  url          = {http://citeseer.nj.nec.com/brin95near.html},
  lastaccess   = {08/01/2004}
}

@article{bruske95dynamic,
    author = {Jorg Bruske and Gerald Sommer},
    title = {Dynamic Cell Structure Learns Perfectly Topology Preserving Map},
    journal = {Neural Computation},
    volume = {7},
    number = {4},
    pages = {845--865},
    year = {1995},
    address = {Belmont, CA: Wadsworth International Group}
}

@INPROCEEDINGS{Bugnion:93,
  AUTHOR       = {E. Bugnion and S. Fhei and T. Roos and P. Widmayer and F. Widmer},
  TITLE        = {A spatial index for approximate multiple string matching},
  BOOKTITLE    = {South American Workshop on String Processing (WSP'93)},
  YEAR         = {1993},
  editor       = {R. Baeza-Yates and N. Ziviani},
  _volume       = {},
  _number       = {},
  _series       = {},
  pages        = {43-53},
  _address      = {},
  _month        = {},
  _organization = {},
  _publisher    = {},
  _note         = {},
  _abstract     = {},
  _keywords     = {},
  _file         = {}
}

@ARTICLE{Burgess:92,
  author       = {Neil Burgess},
  title        = {The Generalization of a Constructive Algorithm in Pattern Classification Problems},
  year         = {1992},
  journal      = {International Journal of Neural Systems},
  volume       = {3},
  number       = {2}
}

@ARTICLE{Burkhard:73,
  author =       {W.A. Burkhard and R.M. Keller},
  title =        {Some Approaches to Best-Match File Searching},
  journal =      {Communications of the ACM},
  year =         {1973},
  volume =       {16},
  number =       {4},
  pages =        {230-236}
}

@ARTICLE{Burzevski:96:HiGS,
  author   = {Vanco Burzevski and Chilukuri K. Mohan},
  title    = {Hierarchical growing cell structures},
  journal  = {Neural Networks, IEEE International Conference on},
  year     = {1996},
  month    = jun,
  volume   = {3},
  pages    = {1658-1663}
}

@INPROCEEDINGS{Bustos:01:PivotsSelection,
  AUTHOR       = {B. Bustos and G. Navarro and E. Chavez},
  TITLE        = {Pivot Selection Techniques for Proximity Searching in Metric Spaces},
  BOOKTITLE    = {Conference of the Chilean Computer Science Society (SCCC'01), XXI},
  YEAR         = {2001},
  _editor       = {},
  _volume       = {},
  _number       = {},
  _series       = {},
  pages        = {33--40},
  _address      = {},
  _month        = {},
  _organization = {},
  publisher    = {IEEE CS Press},
  _note         = {},
  _abstract     = {},
  _keywords     = {},
  url           = {http://www.dcc.uchile.cl/~gnavarro/ps/sccc01.1.ps.gz},
  lastaccess    = {08/01/2004}
}

@MISC{Caldwell95GraphGlossary,
  author       = {Chris Caldwell},
  title        = {Graph Theory Tutorial},
  year         = {1995},
  month        = {},
  note         = {√öltima visita em 22 de Dezembro de 2004},
  abstract     = {},
  keywords     = {},
  source       = {},
  file         = {},
  url          = {http://www.utm.edu/departments/math/ graph/index.html},
  lastaccess   = {08/01/2004}
}

@BOOK{Cameron:97:MT,
  author      = {Cameron Hughes and Tracey Hughes},
  title       = {Object-Oriented Multithreading Using C++},
  year        = {1997},
  _school      = {},
  publisher   = {John Wiley \& Sons}
}

@ARTICLE{Carpenter:86,
  author =       {Gail A. Carpenter and Stephen Grossberg},
  title =        {Absolutely stable learning of recognition codes by a self-organising neural network},
  journal =      {AIP Conf. Proc. 151: Neural networks for computing},
  year =         {1986},
  pages =        {77-85},
  note =         {New York: American Institute of Physics},
  annote =       {In J. Denker (Ed.)}
}

@ARTICLE{Carpenter:87,
  author       = {Gail A. Carpenter and Stephen Grossberg},
  title        = {A Massively Parallel Architecture for a Self-Organizing Neural Pattern Recognition Machine},
  year         = {1987},
  journal      = {Computer Vision, Graphics, and Image Processing},
  volume       = {37},
  number       = {1},
  pages        = {54--115}
}

@ARTICLE{Carpenter:87:ART2,
    author     = {Gail A Carpenter and Stephen Grossberg},
    title      = {ART 2 : self-organization of stable category recognition codes for analog input patterns},
    year       = {1987},
    journal    = {Applied Optics},
    volume     = {26(23)},
    month      = dec,
    pages      = {4919-4930}
}

@ARTICLE{Carpenter:88,
    author     = {G. A. Carpenter and S. Grossberg},
    title      = {The ART of Adaptive Pattern Recognition by a Self-Organizing Neural Network},
    year       = {1988},
    journal    = {IEEE Computer},
    volume     = {21},
    number     = {3},
    pages      = {77--90},
    address    = {Washington, DC},
    publisher  = {IEEE Computer Society}
}

@ARTICLE{Carpenter:90:ART3,
    author     = {A. Carpenter and S. Grossberg},
    title      = {ART 3 Hierarchical Search: Chemical Transmitter in Self-Organizing Pattern
                  Recognition Architectures},
    year       = {1990},
    journal    = {Neural Networks},
    volume     = {3},
    pages      = {129--152},
}

@BOOK{Carpenter:91,
   author     = {G. Carpenter and S. Grossberg },
   title      = {Pattern Recognition by Self-Organizing Neural Networks},
   year       = {1991},
   publisher  = {Mit Press},
   address    = {Cambridge}
}

@ARTICLE{Carpenter:91:ARTMAP,
    author     = {G. Carpenter and S. Grossberg and C. Neurophysiol and S. Reynolds},
    title      = {ARTMAP: Supervised real-time learning and classification of nonstationary data by a self-organizing neural network},
    year       = {1991},
    journal    = {Neural Networks},
    volume     = {4},
    pages      = {565--588}
}

@ARTICLE{Carpenter:91:FuzzyART,
    author     = {G. Carpenter and S. Grossberg and D. Rosen},
    title      = {Fuzzy ART: Fast Stable Learning and Categorization of Analog Patterns by an Adaptive Resonance System},
    year       = {1991},
    journal    = {Neural Networks},
    volume     = {4},
    pages      = {759--771}
}

@ARTICLE{Carpenter:91ART2A,
    author     = {Gail A. Carpenter and Stephen Grossberg and David B. Rosen},
    title      = {ART 2-A: An Adaptive Resonance Algorithm for Rapid Category Learning and Recognition},
    year       = {1991},
    journal    = {Neural Networks},
    volume     = {4},
    pages      = {493--504}
}

@ARTICLE{Carpenter:92:FuzzyARTMAP,
    author     = {Gail Carpenter and Stephen Grossberg and Natalya Markuzon and John H. Reynolds and David B. Rosen},
    title      = {Fuzzy ARTMAP: A Neural Network Architecture for Incremental Supervised Learning of Analog Multidimensional Maps},
    year       = {1992},
    journal    = {IEEE Transactions on Neural Networks},
    volume     = {3},
    number     = {5},
    month      = sep,
    pages      = {698--713}
}

@ARTICLE{Carter:87,
  author       = {Chris Carter and Jason Catlett},
  title        = {Assessing Credit Card Applications Using Machine Learning},
  year         = {1987},
  journal      = {IEEE Expert},
  volume       = {2},
  number       = {3},
  pages        = {71--79}
}

@ARTICLE{Carvalho:97,
  author       = {A. Carvalho and M. C. Fairhurst and D. L. Bisset},
  title        = {Combining Boolean Neural Architectures for Image Recognition},
  year         = {1997},
  journal      = {Connection Science},
  volume       = {9},
  number       = {4},
  pages        = {405--418}
}

@MISC{Carvalho:00a,
  author       = {Andre P. L. F. de Carvalho},
  title        = {Redes Neurais Artificiais},
  year         = {2000},
  organization = {Universidade de S√£o Paulo - Campus S√£o Carlos},
  month        = jul,
  url          = {http://www.icmc.usp.br/~andre/research.html},
  lastaccess   = {08/01/2004}
}

@INPROCEEDINGS{Caudell:94a,
  author       = {T. P. Caudell and M. J. Healy },
  title        = {Adaptive Resonance Theory Networks in the Encephalon Autonomous Vision System},
  booktitle    = {IEEE International Conference on Neural Networks},
  year         = {1994},
  pages        = {1235--1240},
  address      = {Orlando, Florida},
  publisher    = {{IEEE}}
}

@ARTICLE{Caudell:94b,
  author      = {T. Caudell and S. Smith and R. Escobedo and M. Anderson},
  title       = {NIRS: Large Scale ART-1 Neural Architectures for Engineering Design Retrieval},
  year        = {1994},
  journal     = {Neural Networks},
  volume      = {7},
  number      = {9}
}

@ARTICLE{Chakrabarti:99,
  author =       {K. Chakrabarti and S. Mehrotra},
  title =        {The Hybrid Tree: an index structure for high dimensional feature spaces},
  journal =      {Proceedings, IEEE International Conference on Data Engineering, 15},
  year =         {1999},
  pages =        {440-447},
  note =         {Sidney}
}

@INPROCEEDINGS{Chan95ParallelSOM,
  AUTHOR       = {L.-W. Chan and M.-W. Chau and W.-C. Chung},
  TITLE        = {Globalor: a parallel implementation of the self-organizing map},
  BOOKTITLE    = ICONIP,
  YEAR         = {1995},
  editor       = {Y. Zhong and Y. Yang and M. Wang},
  volume       = {2},
  number       = {},
  series       = {},
  pages        = {625--628},
  address      = {Beijing, China},
  month        = {},
  organization = {Dept. of Computer Science, Chinese Univ. of Hong Kong, Shatin, Hong Kong},
  publisher    = {Publishing House of Electron. Ind.},
  note         = {},
  abstract     = {},
  keywords     = {},
  file         = {}
}

 @ARTICLE{Changeoux:76,
    author     = {J. P. Changeoux and A. Danchin.},
    title      = {Seletive Stabilization of Developing Sinpases as a Mechanism for the specification of Neural Network.},
    year       = {1976},
    journal    = {Nature(London)},
    volume     = {264},
    pages      = {705-712}
}

@ARTICLE{Chavez:01,
  author       = {E. Chavez and G. Navarro and  R. Baeza-Yates and J.L. Marroquin},
  title        = {Proximity Searching in Metric Spaces},
  year         = {2001},
  journal      = {ACM Computing Surveys},
  volume       = {33},
  number       = {3},
  pages        = {273-321},
  month        = sep
}

@INPROCEEDINGS{Chavez:99:FQA,
  AUTHOR       = {E. Chavez and J. Marroquin and G. Navarro},
  TITLE        = {Overcoming the curse of dimensionality},
  BOOKTITLE    = {European Workshop on Content-Based Multimedia Indexing (CBMI'99)},
  YEAR         = {1999},
  _editor       = {},
  _volume       = {},
  _number       = {},
  _series       = {},
  pages        = {57-64},
  _address      = {},
  _month        = {},
  _organization = {},
  _publisher    = {},
  _note        = {ftp://garota.fismat.umich.mx/pub/user/elchavez/fqa.ps.gz},
  abstract     = {},
  keywords     = {},
  file         = {}
}

@INPROCEEDINGS{Chavez:99:Spaghettis,
  AUTHOR       = {E. Ch√°vez and J. Marroqu√≠n and R. Baeza-Yates},
  TITLE        = {Spaghettis: an array based algorithm for similarity queries in metric spaces},
  BOOKTITLE    = SPIRE,
  YEAR         = {1999},
  _editor       = {},
  _volume       = {},
  _number       = {},
  _series       = {},
  pages        = {38-46},
  _address      = {},
  _month        = {},
  _organization = {},
  publisher    = {IEEE CS Press},
  _note         = {ftp://garota.fismat.umich.mx/pub/user/elchavez/fqa.ps.gz},
  abstract     = {},
  keywords     = {},
  file         = {}
}

@INPROCEEDINGS{Chazelle:94:CurseOfDimensionality,
  AUTHOR       = {B. Chazelle},
  TITLE        = {Computational geometry: a retrospective},
  BOOKTITLE    = {ACM Symposium on the Theory of Computing (STOC'94), 26th},
  YEAR         = {1994},
  _editor       = {},
  _volume       = {},
  _number       = {},
  _series       = {},
  pages        = {75--94},
  _address      = {},
  _month        = {},
  _organization = {},
  _publisher    = {},
  _note         = {},
  _abstract     = {},
  _keywords     = {},
  file         = {}
}

@INPROCEEDINGS{Chen:95,
  author       = {C-H Chen and Rajesh Parekh and Jihoon Yang and K. Balakrishnan and Vasant Honavar},
  title        = {Analysis of Decision Boundaries Generated by Constructive Neural Networks Larning Algorithms},
  year         = {1995},
  booktitle    = {WCNN'95},
  volume       = {1},
  pages        = {628--635},
  month        = jul,
  address      = {Washington, DC.}
}

@INPROCEEDINGS{Chen:97,
  author     = {Weimin Chen and Karl Aberer},
  title      = {Efficient Querying on Genomic Databases by Using Metric Space Indexing Technology},
  year       = {1997},
  booktitle  = {PMIDS'97},
  address    = {Toulouse, France}
}

@INPROCEEDINGS{Chiueh:94,
  author     = {T. Chiueh},
  title      = {Content-Based Image Indexing},
  year       = {1994},
  booktitle  = VLDB,
  pages      = {582--593},
  address    = {Santiago, Chile}
}

@ARTICLE{Celsia:68,
  author    = {G. G. Celsia and R. J. Broughton and T. Rasmussen and C. Branch},
  title     = {Auditory Evoked Responses from the Exposed Human Cortex},
  year      = {1968},
  journal   = {Electroencephalography and Clinical Neurophysiology},
  volume    = {24},
  pages     = {458--466}
}

@ARTICLE{Celsia:76,
  AUTHOR     = {Celsia, G. G.},
  TITLE      = {Organization of Auditory Cortical Areas in Man},
  YEAR       = {1976},
  JOURNAL    = {Brain},
  VOLUME     = {99},
  PAGES      = {403--414}
}

@INPROCEEDINGS{Ciaccia97MTree,
    author     = {P. Ciaccia and M. Patella and P. Zezula},
    title      = {M-Tree: An Efficient Access Method for Similarity search in Metric Spaces},
    booktitle  = VLDB,
    pages      = {426--435},
    year       = {1997},
    url        = {http://citeseer.nj.nec.com/ciaccia97mtree.html},
    lastaccess = {08/01/2004}
}

@ARTICLE{Clarkson99kNN,
  AUTHOR   = {K. Clarkson},
  TITLE    = {Nearest neighbor queries in metric spaces},
  JOURNAL  = {Discrete Computational Geometry},
  YEAR     = {1999},
  volume   = {22},
  number   = {1},
  pages    = {63--93},
  month    = {},
  note     = {},
  abstract = {},
  keywords = {},
  source   = {},
  file     = {}
}

@techreport{CPR+97,
 author      = "Paolo Ciaccia and Marco Patella and Fausto Rabitti and Pavel Zezula",
 title       = "Performance of M-tree, an Access Method for Similarity Search in Metric Spaces",
 institution = "HERMES ESPRIT LTR Project",
 type        = "Technical Report",
 number      = "13",
 year        = 1997,
 url         = {http://www.ced.tuc.gr/hermes/},
 lastaccess  = {08/01/2004}
 }

@inproceedings{CPRZ97,
 author = "Paolo Ciaccia and Marco Patella and Fausto Rabitti and Pavel Zezula",
 title = "Indexing metric spaces with M-tree",
 booktitle = "Atti del Quinto Convegno Nazionale su Sistemi Evoluti per Basi di Dati (SEBD'97)",
 address = "Verona, Italy",
 pages = "67--86",
 year = 1997,
 month = jun,
 editor = "Matteo Cristiani and Letizia Tanca"}

@inproceedings{CP98,
 author = {Paolo Ciaccia and Marco Patella},
 title = {Bulk Loading the M-tree},
 booktitle = {Australasian Database Conference (ADC'98), 9th},
 address = {Perth, Australia},
 pages = {15--26},
 year = {1998},
 month = feb,
 editor = {Chris McDonald},
 publisher = {Springer Verlag}
 }

@inproceedings{CNP99,
 author = {Paolo Ciaccia and Alessandro Nanni and Marco Patella},
 title = {A Query-sensitive Cost Model for Similarity Queries with M-Tree},
 booktitle = {Australasian Database Conference (ADC'99), 10th},
 address = {Auckland, New Zealand},
 pages = {65--76},
 year = {1999},
 month = jan,
 editor = {John Roddick},
 publisher = {Springer Verlag}
}

@INPROCEEDINGS{Clementine,
  AUTHOR       = {U. Grimmer},
  TITLE        = {Clementine: Data Mining Software},
  BOOKTITLE    = {Classification and Multivariate Graphics: Models, Software and Applications},
  YEAR         = {1996},
  _editor       = {},
  _volume       = {},
  _number       = {},
  _series       = {},
  _pages        = {},
  _address      = {},
  _month        = {},
  _organization = {},
  _publisher    = {},
  note         = {WIAS-Report No. 10},
  _abstract     = {},
  _keywords     = {},
  _file         = {}
}

@article{CP02,
 author  = "Paolo Ciaccia and Marco Patella",
 title   = "Searching in Metric Spaces with User-Defined and Approximate Distances",
 journal = "ACM Transactions on Database Systems (TODS)",
 volume  = 27,
 number  = 4,
 year    = 2002,
 month   = dec,
 pages   = "398--437",
 publisher = "ACM Press"}

@ARTICLE{Comer:79,
  author =       {D. Comer},
  title =        {The ubiquitous B-Tree},
  journal =      {ACM Computing Surveys},
  year =         {1979},
  volume =       {11},
  number =       {2},
  pages =        {121-137},
}

@PHDTHESIS{Costa:99:PhDThesis,
  author     = {Jos√© Alfredo Ferreira Costa},
  title      = {Classificaci√≥n Autom√°tica e An√°lise de Dados por Redes neurais Auto-Organiz√°veis},
  year       = {1999},
  school     = {UNICAMP - Universidade de Campinas (Faculdade de Engenharia El√©trica e de Computaci√≥n)},
  note       = {Tese de Doutorado},
  month      = dec
}

@INPROCEEDINGS{Costa:01:TS-SOM,
  author    = {J.A.F. Costa and M.L. Andrade Netto},
  title     = {A new tree-structured self-organizing map for data analysis},
  booktitle = IJCNN,
  year      = {2001},
  volume    = {3},
  pages     = {1931 -1936},
  address   = {Washington DC},
  publisher = {{IEEE Press}}
}

@TECHREPORT{Cottrell94,
  AUTHOR      = {M. Cottrell and J. C. Fort and G. Pag√©s},
  TITLE       = {Two or three things that we know about the Kohonen algorithm},
  INSTITUTION = {University Paris 1},
  YEAR        = {1994},
  _type        = {},
  number      = {31},
  address     = {Paris, France},
  _month       = {},
  _note        = {},
  _abstract    = {},
  _keywords    = {},
  _source      = {},
  _file        = {}
}

@ARTICLE{Cottrell95Convergence,
  AUTHOR   = {M. Cottrell and J. C. Fort and G. Pag√©s},
  TITLE    = {Comment about 'analysis of the convergence properties of topology preserving neural networks'},
  JOURNAL  = {IEEE Transactions on Neural Networks},
  YEAR     = {1995},
  volume   = {6},
  number   = {3},
  pages    = {797--799},
  _month    = {},
  _note     = {},
  _abstract = {},
  _keywords = {},
  _source   = {},
  _file     = {}
}

@INPROCEEDINGS{Cottrell97Theoretical,
  AUTHOR       = {M. Cottrell},
  TITLE        = {Theoretical aspects of the {SOM} algorithm},
  BOOKTITLE    = WSOM,
  YEAR         = {1997},
  editor       = {},
  volume       = {},
  number       = {},
  series       = {},
  pages        = {246--267},
  address      = {Helsinki, Finland},
  month        = jun,
  organization = {University of Technology, Neural Networks Research Centre},
  publisher    = {},
  note         = {},
  abstract     = {},
  keywords     = {},
  file         = {}
}

@ARTICLE{Cottrell98Theoretical,
  AUTHOR   = {M. Cottrell and J. C. Fort and G. Pag√©s},
  TITLE    = {Theoretical aspects of the {SOM} algorithm},
  JOURNAL  = {Neurocomputing},
  YEAR     = {1998},
  volume   = {21},
  number   = {1-3},
  pages    = {119--138},
  _month    = {},
  _note     = {},
  _abstract = {},
  _keywords = {},
  _source   = {},
  _file     = {}
}

@MASTERSTHESIS{Cuadros:98,
  AUTHOR   = {Ernesto Cuadros-Vargas},
  TITLE    = {Kipu: Um Simulador para Redes Neurais Construtivas},
  SCHOOL   = {ICMC - University of S√£o Paulo},
  YEAR     = {1998},
  _type     = {},
  _address  = {},
  month    = aug,
  _note     = {},
  _abstract = {},
  _keywords = {},
  _source   = {},
  _file     = {}
}

@TECHREPORT{Cuadros:00,
  AUTHOR      = {E. Cuadros-Vargas and R. A. Francelin Romero},
  TITLE       = {Estudo de Modelos de Redes Neurais para Indexa√ßo e Recupera√ß√£o de Dados},
  INSTITUTION = {ICMC - University of S√£o Paulo},
  YEAR        = {2000},
  _type        = {},
  _number      = {},
  address     = {S√£o Carlos -  SP, Brazil},
  _month       = {},
  note        = {Notas Did√°cticas, Nro 44},
  _abstract    = {},
  _keywords    = {},
  _source      = {},
  _file        = {}
}

@INPROCEEDINGS{Cuadros:02:SAM-SOM,
  author    = {E. Cuadros-Vargas and Roseli A. Francelin Romero},
  title     = {A SAM-SOM Family: Incorporating Spatial Access Methods into Constructive Self-Organizing Maps},
  booktitle = IJCNN,
  year      = {2002},
  pages     = {1172-1177},
  address   = {Hawaii, HI},
  publisher = {{IEEE Press}},
  _annote    = {},
}

@UNPUBLISHED{Cybenko88,
  AUTHOR   = {G. Cybenko},
  TITLE    = {Approximation by superpositions of a sigmoidal function},
  NOTE     = {Urbana, IL University of Illinois},
  year     = {1988},
  month    = {},
  abstract = {},
  keywords = {},
  source   = {},
  file     = {}
}

@ARTICLE{Cybenko89,
  AUTHOR   = {G. Cybenko},
  TITLE    = {Approximation by superpositions of a sigmoidal function},
  JOURNAL  = {Mathematical of Control, Signals, and Systems},
  YEAR     = {1989},
  volume   = {2},
  number   = {},
  pages    = {303--314},
  month    = {},
  note     = {},
  abstract = {},
  keywords = {},
  source   = {},
  file     = {}
}

@ARTICLE{Dempster77ExpectationMaximization,
  author   = {A.P. Dempster and N.M. Laird and D.B. Rubin},
  title    = {Maximum Likelihood from incomplete data via the EM algorithm},
  journal  = {Royal Statistical Society Series B},
  year     = {1977},
  volume   = {39},
  number   = {1},
  pages    = {1--38},
  month    = nov,
  _note     = {},
  _abstract = {},
  _keywords = {},
  _source   = {},
  _file     = {}
}

@ARTICLE{Dehne:87:VT,
  AUTHOR   = {F. Dehne and H. Nolteimer},
  TITLE    = {Voronoi trees and clustering problems},
  JOURNAL  = {Information Systems},
  YEAR     = {1987},
  volume   = {12},
  number   = {2},
  pages    = {171-175},
  _month    = {},
  _note     = {},
  _abstract = {},
  _keywords = {},
  _source   = {},
  _file     = {}
}

@INPROCEEDINGS{Demian93ParallelSOM,
  AUTHOR       = {V. Demian and J. C. Mignot},
  TITLE        = {Optimization of the self-organizing feature map on parallel computers},
  BOOKTITLE    = IJCNN,
  YEAR         = {1993},
  editor       = {},
  volume       = {I},
  number       = {},
  series       = {},
  pages        = {483--486},
  address      = {Nagoya, Japan},
  month        = {},
  organization = {},
  publisher    = {JNNS, IEEE Service Center},
  note         = {},
  abstract     = {},
  keywords     = {},
  file         = {}
}

@ARTICLE{Demian96ParallelSOM,
  AUTHOR   = {V. Demian and J. C. Mignot},
  TITLE    = {Implementation of the self-organizing feature map on parallel computers},
  JOURNAL  = {Computers and Artificial Intelligence},
  YEAR     = {1996},
  volume   = {15},
  number   = {1},
  pages    = {63--80},
  month    = {},
  note     = {},
  abstract = {},
  keywords = {},
  source   = {},
  file     = {}
}

@TECHREPORT{SoftwareEngineering2004,
  AUTHOR      = {Jorge L. D√≠az-Herrera and Thomas B. Hilburn},
  TITLE       = {Software Engineering: {C}urriculum {G}uidelines for {U}ndergraduate {D}egree {P}rograms in {S}oftware {E}ngineering},
  INSTITUTION = {ACM, IEEE},
  YEAR        = {2004},
  _type        = {xxtype},
  _number      = {99},
  _address     = {xxaddress},
  _month       = {feb},
  note        = {Last visit June 2004},
  _abstract    = {xxabstract},
  _keywords    = {xxkeywords},
  source      = {http://sites.computer.org/ccse/},
  _file        = Fxx
}

@MISC{Dietterich:97,
  author       = {T. G. Dietterich},
  title        = {Machine Learning Research: Four Current Directions},
  year         = {1997},
  organization = {Oregon State University},
  month        = may,
  note       = {ftp://ftp.cs.orst.edu/pub/tgd/papers}
}

@InProceedings{Dittenbach:00:GH-SOM,
  author =       {M. Dittenbach and D. Merkl and A. Rauber},
  title =        {The Growing Hierarchical Self-Organizing Map},
  booktitle =    IJCNN,
  editor =       {S. Amari and C. L. Giles and M. Gori and V. Puri},
  volume =       {VI},
  pages =        {15-19},
  address =      {Como, Italy},
  month =        jul,
  year =         {2000},
  publisher =    {IEEE Computer Society},
}

@inproceedings{dittenbach01hierarchical,
  author    = {M. Dittenbach and D. Merkl and A. Rauber},
  title     = {hierarchical Clustering of Document Archives with the Growing Hierarchical Self-Organizing Map},
  booktitle = ICANN,
  year      = {2001},
  address   = {Vienna, Austria},
  month     = aug,
  note      = {http://citeseer.nj.nec.com/dittenbach01hierarchical.html},
  lastaccess = {08/01/2004}
  }

@InProceedings{dittenbach01wsom,
  author    = {M. Dittenbach and A. Rauber and D. Merkl},
  title     = {Recent Advances with the Growing Hierarchical Self-Organizing Map},
  booktitle = WSOM,
  pages     = {140-145},
  year      = {2001},
  editor    = {Allinson, N. and Yin, H. and Allinson, L. and Slack, J.},
  series    = {Advances in Self-Organizing Maps},
  address   = {Lincoln, England},
  month     = jun,
  publisher = {Springer},
  url       = {http://www.ifs.tuwien.ac.at},
  lastaccess= {08/01/2004}
}

@ARTICLE{Dittenbach02GHSOM-Journal,
  AUTHOR   = {M. Dittenbach and A. Rauber and D. Merkl},
  TITLE    = {Uncovering hierarchical structure in data using the growing hierarchical self-organizing map},
  JOURNAL  = {Neurocomputing},
  YEAR     = {2002},
  volume   = {48},
  _number   = {},
  pages    = {199--216},
  _month    = {},
  _note     = {},
  _abstract = {},
  _keywords = {},
  _source   = {},
  _file     = {}
}

@MISC{Dominik:00,
  author      = {Dominik Hornel and Thomas Ragg},
  title       = {Learning Musical Structure and Style by Recognition, Prediction and Evolution},
  year        = {2000},
  school      = {University of Karlshube},
  address     = {Karlshube, Germany},
  url      = {citeseer.nj.nec.com/370243.html},
  lastaccess   = {08/01/2004}
}

@ARTICLE{Dubner:99:Fibonacci,
  author =       {H. Dubner and W. Keller},
  title =        {New Fibonacci and Lucas primes},
  journal =      {Mathematics of Computation},
  year =         {1999},
  volume =       {68},
  number =       {225},
  pages =        {417--427},
  month =        jan,
  _note =         {},
  _key =          {},
  _crossref =     {},
  _annote =       {},
}

@ARTICLE{Duch:94,
    author  = {W{\l}odzis{\l}aw Duch},
    title   = {Quantitative Measures for Self-Organizing Topographic Maps},
    year    = {1994},
    journal = {Open Systems \& Information Dynamics},
    volume  = {2},
    number  = {3},
    pages   = {295--302},
    url    = {http://citeseer.nj.nec.com/duch94quantitative.html},
    lastaccess = {08/01/2004}
}

@book(Duda:73,
  author    = {R. O. Duda and P. E. Hart},
  title     = {Pattern Classification and Scene Analysis},
  year      = {1973},
  publisher = {Wiley},
  address   = {New York}
}

@InProceedings{CurseOfDimensionalityRTree:2004,
author = {Ian Eccles and Meng Su},
title = {Illustrating the curse of dimensionality numerically through different data distribution models},
booktitle = {Proceedings of the 2004 international symposium on Information and communication technologies},
OPTcrossref = {},
OPTkey = {},
pages = {232--237},
year = {2004},
OPTeditor = {},
volume = {90},
OPTnumber = {},
series = {ACM International Conference Proceeding Series},
address = {Las Vegas, Nevada},
OPTmonth = {},
organization = {ACM},
OPTpublisher = {},
OPTnote = {},
OPTannote = {}
}


@BOOK{eckel:2002:java,
     AUTHOR    = {Bruce Eckel},
     TITLE     = {The {J}ava {P}rogramming {L}anguage},
     PUBLISHER = {Prentice Hall PTR},
     YEAR      = {2002},
     edition   = {2nd},
     month     = may,
     _abstract  = {},
     isbn      = {0130273635},
     keywords  = {Java},
     _source    = {http://www.amazon.com/exec/obidos/ASIN/0130273635/ref=pd_sxp_elt_l1/104-7896308-8563143}
}

@BOOK{Elmasri:94,
  author =       {R. Elmasri and S.B. Navathe},
  title =        {Fundamentals of Database Systems},
  publisher =    {Addison-Wesley},
  year =         {1994},
  address =      {Redwood City},
  edition =      {2}
}

@ARTICLE{Erwin-et-al92a,
  AUTHOR   = {E. Erwin and K. Obermayer and K. Schulten},
  TITLE    = {I Self-Organizing Maps: Stationary states, metastability and convergence rate},
  JOURNAL  = {Biological Cybernetics},
  YEAR     = {1992},
  volume   = {67},
  number   = {},
  pages    = {35--45},
  month    = {},
  note     = {},
  abstract = {},
  keywords = {},
  source   = {},
  file     = {}
}

@ARTICLE{Erwin-et-al92b,
  AUTHOR   = {E. Erwin and K. Obermayer and K. Schulten},
  TITLE    = {{II} {S}elf-{O}rganizing {M}aps: {O}rdering, convergence properties and energy functions},
  JOURNAL  = {Biological Cybernetics},
  YEAR     = {1992},
  volume   = {67},
  number   = {},
  pages    = {47--55},
  month    = {},
  note     = {},
  abstract = {},
  keywords = {},
  source   = {},
  file     = {}
}

@TECHREPORT{Fahlman:88,
   author     = {S. Fahlman},
   title      = {An Empirical Study of Learning Speed in Back-Propagation Networks},
   institution= {School of Computer Science, Carnegie Mellon University},
   year       = {1988},
   journal    = {Technical Report},
   note       = {CMU-CS-88-162}
}

@TECHREPORT{Fahlman:90,
  AUTHOR      = {Scott Fahlman and Christian Lebiere},
  TITLE       = {{T}he {C}ascade {C}orrelation {L}earning {A}rchtecture},
  INSTITUTION = {School of Computer Science, Carnegie Mellon University},
  YEAR        = {1990},
  type        = {},
  number      = {CMU-CS-90-100},
  address     = {},
  month       = {},
  note        = {},
  abstract    = {},
  keywords    = {},
  source      = {},
  file        = {}
}

@INPROCEEDINGS{Faloutsos:93,
   author    = {C. Faloutsos and W. Equitz and M. Flickner and W. Niblack and D. Petkovic and R. Barber},
   title     = {Efficient and Effective Querying by Image Content},
   year      = {1993},
   booktitle = {IBM Almaden Research Division},
   address   = {San Jose, CA},
   url       = {http://citeseer.nj.nec.com/faloutsos94efficient.html},
   lastaccess= {08/01/2004}
}

@ARTICLE{Faloutsos:94,
   author     = {Christos Faloutsos and Ron Barber and Myron Flickner and Jim Hafner and Wayne Niblack and Dragutin Petkovic and William Equitz},
   title      = {Efficient and Effective Querying by Image Content},
   year       = {1994},
   journal    = {Journal of Intelligent Information Systems},
   volume     = {3},
   number     = {3/4},
   pages      = {231-262},
   url        = {http://citeseer.nj.nec.com/faloutsos94efficient.html},
   lastaccess = {08/01/2004}
}

@INPROCEEDINGS{Faloutsos:95:FastMap,
   author     = {C. Faloutsos and K. Lin},
   title      = {FastMap: A Fast Algorithm for Indexing, Data-Mining and Visualization of
                 Traditional and Multimedia Data},
   year       = {1994},
   booktitle  = {Int. Conf. on Management of Data -- ACM SIGMOD},
   address    = {San Jose, CA},
   pages      = {163--174}
}

@TECHREPORT{Fasulo:99:Clustering,
  author =       {Daniel Fasulo},
  title =        {An Analysis of Recent Work on Clustering Algorithms},
  institution =  {Department of Computer Science \& Engineering},
  year =         {1999},
  type =         {TR-99},
  number =       {01-03-02},
  address =      {University of Washington. Seattle, WA 98195. Box 352350},
  month =        abr
}

@BOOK{Fausett:94,
  author      = {L. Fausett},
  title       = {Fundamental of Neural Network: Architectures, Algorithms, and Applications.},
  year        = {1994},
  school      = {Florida Institute of Technology},
  publisher   = {Prentice Hall}
}

@ARTICLE{Fayyad:96,
  author       = {U. M. Fayyad and S. G. Djorgovski and N. Weir},
  title        = {From Digitized Images to On-Line Catalogs: Data Mining a Sky Survey},
  year         = {1996},
  journal      = {AIMag},
  volume       = {17},
  number       = {2},
  pages        = {51--66}
}

@INPROCEEDINGS{Fernandez:01Weight,
  AUTHOR       = {Mercedes Fern√°ndez-Redondo and Carlos Hern√°ndez-Espinosa},
  TITLE        = {Weight Initialization Methods for Multilayer Feedforward},
  BOOKTITLE    = ESANN,
  YEAR         = {2001},
  _editor       = {},
  _volume       = {},
  _number       = {},
  _series       = {},
  pages        = {119-124},
  address      = {Bruges (Belgium)},
  month        = apr,
  _organization = {},
  _publisher    = {},
  note         = {ISBN 2-930307-01-3},
  _abstract     = {},
  _keywords     = {},
  _file         = {}
}

@ARTICLE{Finkel:74,
  author =       {R. Finkel and J.L. Bentley},
  title =        {Quad Trees: A Data Structure for Retrieval of Composite Keys},
  journal =      {Acta Informatica},
  year =         {1974},
  volume =       {4},
  number =       {1},
  pages =        {1-9}
}

@PHDTHESIS{Flanagan94,
  AUTHOR   = {J. A. Flanagan},
  TITLE    = {Self-Organizing Neural Networks},
  SCHOOL   = {Ecole Polytechnique Federale de Lausanne},
  YEAR     = {1994},
  _type     = {},
  address  = {Lausanne, France},
  _month    = {},
  _note     = {},
  _abstract = {},
  _keywords = {},
  _source   = {},
  _file     = {}
}

@ARTICLE{Flanagan96,
  AUTHOR   = {J. A. Flanagan},
  TITLE    = {Self-organization in Kohonen's SOM},
  JOURNAL  = {Neural Networks},
  YEAR     = {1996},
  volume   = {9},
  _number   = {},
  pages    = {1185-1197},
  _month    = {},
  _note     = {},
  _abstract = {},
  _keywords = {},
  _source   = {},
  _file     = {}
}

@INPROCEEDINGS{Fonseca03BNTree,
  AUTHOR       = {Manuel J. Fonseca and Joaquim A. Jorge},
  TITLE        = {Indexing High-Dimensional Data for Content-Based Retrieval in Large Databases},
  BOOKTITLE    = {International Conference on Database Systems for Advanced Applications (DASFAA 2003), 8th},
  YEAR         = {2003},
  _editor       = {},
  _volume       = {},
  _number       = {},
  _series       = {},
  pages        = {267--274},
  address      = {Kyoto, Japan},
  month        = mar,
  _organization = {},
  _publisher    = {},
  _note         = {},
  _abstract     = {},
  _keywords     = {},
  _file         = {}
}

@MISC{Frean:91,
  author       = {Marcus Frean},
  title        = {The Upstar Algorithm: A Method for Constructing and Training Feed-foward Neural Networks},
  school       = {Department of Physics and Centre for Cognitive Science, Edinburgh University},
  year         = {1989},
  note         = TR
}

@ARTICLE{Frean:90,
  author       = {Marcus Frean},
  title        = {The Upstar Algorithm: a method for constructing and training feed-foward neural networks},
  journal      = {Neural Computation},
  volume       = {1},
  number       = {2},
  pages        = {198--209},
  year         = {1990}
}

@INPROCEEDINGS{fritzke91let,
  AUTHOR       = {Bernd Fritzke},
  TITLE        = {{L}et {I}t {G}row---{S}elf-{O}rganizing {F}eature {M}aps with {P}roblem {D}ependent {C}ell {S}tructure},
  BOOKTITLE    = {Artificial Neural Networks},
  YEAR         = {1991},
  editor       = {T. Kohonen and K. Mukisara and O. Simula and J. Kangas},
  volume       = {I},
  _number       = {},
  _series       = {},
  pages        = {403--408},
  address      = {Amsterdam, Netherlands},
  _month        = {},
  _organization = {},
  publisher    = {North-Holland},
  _note         = {},
  _abstract     = {},
  _keywords     = {},
  url         = {http://citeseer.nj.nec.com/fritzke91let.html},
  lastaccess   = {08/01/2004}
}

@INPROCEEDINGS{fritzke92growing,
  AUTHOR       = {Bernd Fritzke},
  TITLE        = {{G}rowing {C}ell {S}tructures---a {S}elf-{O}rganizing {N}etwork in {\it {k}} {D}imensions},
  BOOKTITLE    = {Artificial Neural Networks},
  YEAR         = {1992},
  editor       = {I. Aleksander and J. Taylor},
  volume       = {II},
  _number       = {},
  _series       = {},
  pages        = {1051--1056},
  address      = {Amsterdam, Netherlands},
  _month        = {},
  _organization = {},
  publisher    = {North-Holland},
  _note         = {},
  _abstract     = {},
  _keywords     = {},
  url         = {http://citeseer.nj.nec.com/fritzke93growing.html},
  lastaccess   = {08/01/2004}
}

@INPROCEEDINGS{Fritzke93Kohonen-Vs-GCS,
  AUTHOR       = {Bernd Fritzke},
  TITLE        = {Kohonen feature maps and growing cell structures--a performance comparison},
  BOOKTITLE    = NIPS,
  YEAR         = {1993},
  editor       = {},
  volume       = {5},
  number       = {},
  series       = {},
  pages        = {123--130},
  address      = {},
  month        = {},
  organization = {},
  publisher    = {Morgan Kaufmann, San Mateo, CA},
  note         = {},
  abstract     = {},
  keywords     = {},
  file         = {}
}

@TECHREPORT{Fritzke93GCS,
  AUTHOR      = {Bernd Fritzke},
  TITLE       = {Growing Cell structures--a self organizing network for unsupervised and supervised training},
  INSTITUTION = {ICSI Berkeley},
  YEAR        = {1993},
  type        = {},
  number      = {TR-93-026},
  address     = {},
  month       = {},
  note        = {},
  abstract    = {},
  keywords    = {},
  source      = {},
  file        = {}
}

@ARTICLE{Fritzke:94:GCS,
  author       = {B. Fritzke},
  title        = {Growing Cell Structures - A Self-organizing Networks for Unsupervised and Supervised Learning},
  journal      = {Neural Networks},
  volume       = {7},
  number       = {9},
  pages        = {1441--1460},
  year         = {1994}
}

@ARTICLE{Fritzke:94:IncrementalRBF,
  author       = {B. Fritzke},
  title        = {Fast Learning with incremental RBF networks.},
  journal      = {Neural Processing Letters},
  volume       = {1},
  number       = {1},
  pages        = {2--5},
  year         = {1994}
}

@ARTICLE{Fritzke:95:GrowingGrid,
  AUTHOR   = {Bernd Fritzke},
  TITLE    = {Growing grid: {A} self organizing network with constant neighborhood range and adaptation strength},
  JOURNAL  = {Neural Processing Letters},
  YEAR     = {1995},
  volume   = {2},
  number   = {5},
  pages    = {9--13},
  _month    = {},
  _note     = {},
  _abstract = {},
  _keywords = {},
  _source   = {},
  _file     = {}
}

@ARTICLE{Fritzke:95:GNG,
  author       = {B. Fritzke},
  title        = {A Growing Neural Gas Networks learns topologies.},
  journal      = {Advances in Neural Information Processing Systems},
  year         = {1995},
  volume       = {7},
  address      = {Cambridge MA.},
  pages        = {625-632},
  publisher    = {{MIT Press}}
}

@ARTICLE{Fritzke:97,
  author       = {B. Fritzke},
  title        = {Some Competitive Learning Methods},
  year         = {1997},
  journal      = {Neural Networks},
  school       = {Ruhr-Universit√§t Bochum},
  month        = apr,
  note         = {Institute of Neural Computation},
  url          = {http://citeseer.nj.nec.com/413852.html},
  lastaccess   = {08/01/2004}
}

@BOOK{Folk:98,
  author =       {M.J. Folk and B. Zoellick and G. Riccardi},
  title =        {File Structures, An object Oriented Approach Using C++.},
  publisher =    {Addison-Wesley},
  year =         {1998},
  edition =      {3}
}

@book(Fukunaga:90,
  author = "Keinosuke Fukunaga",
  title  = "Introduction to Statistical Pattern Recognition",
  year   = 1990,
  publisher =   "Academic Press",
  note   = "2nd Edition"  ,
}

@ARTICLE{Fukushima:75,
  author       = {K. Fukushima},
  title        = {Cognitron: a Self-Organizing Multilayered Neural Network.},
  year         = {1975},
  journal      = {Biological Cybernetics},
  volume       = {23},
  pages        = {121-134},
}

@ARTICLE{Fukushima:80,
  author       = {K. Fukushima},
  title        = {Neocognitron: a Self-Organizing Neural Network model for a mechanism of pattern recognition unaffected by shift in position},
  year         = {1980},
  journal      = {Biological Cybernetics},
  volume       = {36},
  pages        = {196-202}
}

@BOOK{Gamma:94:DesignPattern,
  AUTHOR    = {Erich Gamma and Richard Helm and Ralph Johnson and John Vlissides},
  _editor   = {},
  TITLE     = {Design Patterns Elements of Reusable Object-Oriented Software},
  PUBLISHER = {Addison Wesley Professional},
  YEAR      = {1994},
  _volume   = {},
  _number   = {},
  series    = {Computing Series},
  _address  = {},
  _edition  = {},
  month     = oct,
  _note     = {},
  _abstract = {},
  isbn      = {0-201-63361-2},
  _price     = {37.75},
  _keywords = {},
  _source   = {},
  _file     = {}
}

@ARTICLE{Gaede98multidimensional,
  author  = {Volker Gaede and Oliver Genther},
  title   = {Multidimensional {A}ccess {M}ethods},
  year    = {1998},
  journal = {ACM Computing Surveys},
  volume  = {30},
  number  = {2},
  pages   = {170--231},
  file    = "citeseer.nj.nec.com/gaede97multidimensional.html"
}

@ARTICLE{Gallant:90,
  author       = {Stephen I. Gallant},
  title        = {Perceptron-Based Learning Algorithms},
  year         = {1990},
  journal      = {IEEE Transactions on Neural Networks},
  volume       = {1},
  number       = {2},
  pages        = {179--191},
  month        = jun
}

@ARTICLE{Gan:92,
    author  = {K. Gan and K. Lua},
    title   = {Chinese Character Classification Using Adaptive Resonanse Network},
    year    = {1992},
    journal = {Pattern Recognition},
    volume  = {25},
    pages   = {877--888}
}

@BOOK{Garey:79:NPCompleteness,
  author       = {Michael R. Garey and David S. Johnson},
  title        = {Computers and Intractability: A Guide to the Theory, of NP-Completeness},
  year         = {1979},
  publisher    = {W. H. Freeman and Company}
}

@BOOK{Geiger:95:ODBC,
  author =       {K. Geiger},
  title =        {Inside ODBC},
  publisher =    {Microsoft Press},
  year =         {1995},
  _edition =      {}
}

@book{Golub:89,
   author    = {G. H. Golub and C. F. Van~Loan},
   title     = {Matrix Computations},
   edition   = {second},
   publisher = {The Johns Hopkins University Press},
   address   = {Baltimore},
   year      = {1989}
}

@ARTICLE{Gonzales:85,
    author  = {Teofilo F. Gonzales},
    title   = {Clustering to minimize the maximum intercluster distance},
    year    = {1985},
    journal = {Theoretical Computer Science},
    volume  = {38},
    pages   = {293-306}
}

@BOOK{Goldberg89GA,
  AUTHOR    = {David E. Goldberg},
  editor    = {},
  TITLE     = {Genetic Algorithms in Search, Optimization and Machine Learning},
  PUBLISHER = {Addison-Wesley Pub Co.},
  YEAR      = {1989},
  volume    = {},
  number    = {},
  series    = {},
  address   = {},
  edition   = {},
  month     = {},
  note      = {},
  abstract  = {},
  isbn      = {},
  price     = {},
  keywords  = {},
  source    = {},
  file      = {}
}

@Article{InformationSystems2002Journal,
author    = {John T. Gorgone and Paul Gray and David Feinstein and George M. Kasper and Jerry N Luftman and Edward A. Stohr and Joseph S. Valacich and Rolf Wigand},
title     = {Model Curriculum and Guidelines for Graduate Degree Programs in Information Systems},
journal   = {Communications of the Association for Information Systems (CAIS))},
year      = {2002},
OPTkey    = {},
volume    = {3},
number    = {1},
OPTpages  = {},
month     = {Enero},
OPTnote   = {},
OPTannote = {}
}

@BOOK{InformationSystemsCurricula2002Book,
  AUTHOR      = {John T. Gorgone and Gordon B. Davis and Joseph S. Valacich Heikki Topi and David L. Feinstein and Herbet E. Longenecker~Jr},
  _editor     = {xxeditor},
  TITLE       = {Model Curriculum and Guidelines for Undergraduate Degree Programs in Information Systems (IS2002)},
  PUBLISHER   = {ACM, AIS, AITP},
  YEAR        = {2002},
  _volume      = {xxvolume},
  _number     = {xxnumber},
  _series      = {xxseries},
  _address     = {xxaddress},
  _edition     = {xxedition},
  _month       = {xxmonth},
  _note        = {xxnote},
  _abstract    = {xxabstract},
  _isbn        = {xxisbn},
  _price       = {xxprice},
  _keywords    = {xxkeywords},
  _source      = {xxsource},
  _file        = F
}

@techreport{InformationSystemsCurricula2010,
  AUTHOR      = {Heikki Topi and Joseph S. Valacich and Ryan T. Wright and Kate M. Kaiser and J.F. {Nunamaker Jr.} and Janice C. Sipior and G.J. de Vreede},
  _editor     = {xxeditor},
  TITLE       = {Curriculum Guidelines for Undergraduate Degree Programs in Information Systems},
  PUBLISHER   = {Association for Computing Machinery (ACM), Association for Information Systems (AIS)},
  institution = {ACM Press and AIS Press},
  YEAR        = {2010},
  _volume      = {xxvolume},
  _number     = {xxnumber},
  _series      = {xxseries},
  _address     = {xxaddress},
  _edition     = {xxedition},
  _month       = {xxmonth},
  _note        = {xxnote},
  _abstract    = {xxabstract},
  _isbn        = {xxisbn},
  _price       = {xxprice},
  _keywords    = {xxkeywords},
  _source      = {xxsource},
  _file        = F
}

@ARTICLE{graepel98selforganizing,
  AUTHOR   = {T. Graepel and M. Burger and K. Obermayer},
  TITLE    = {Self-organizing maps: generalizations and new optimization techniques},
  JOURNAL  = {Neurocomputing},
  YEAR     = {1998},
  volume   = {21},
  _number   = {},
  pages    = {173--190},
  _month    = {},
  url     = {http://citeseer.nj.nec.com/166762.html},
  lastaccess   = {08/01/2004},
  _abstract = {},
  _keywords = {},
  _source   = {},
  _file     = {}
}

@ARTICLE{Gray:2000:NIPS,
    author  = {Alexander G. Gray and Andrew W. Moore},
    title   = {`$N$-Body' Problems in Statistical Learning},
    year    = {2000},
    journal = {Advances in Neural Information Processing Systems},
    volume  = {13},
    pages   = {521-527}
}

@ARTICLE{Grossberg:72,
  AUTHOR   = {S. Grossberg},
  TITLE    = {Neural expectation: {C}erebellar and retinal analogs of cells fired by learnable or unlearned pattern classes},
  JOURNAL  = {Kybernetik},
  YEAR     = {1972},
  volume   = {10},
  _number   = {},
  pages    = {49-57},
  _month    = {},
  _note     = {},
  _abstract = {},
  _keywords = {},
  _source   = {},
  _file     = {}
}

@ARTICLE{Grossberg:76a,
  author       = {S. Grossberg},
  title        = {Adaptive Pattern Classification and Universal Recoding, I: Parallel development and coding of neural feature detectors},
  year         = {1976},
  volume       = {23},
  journal      = {Biological Cybernetics},
  pages        = {121-134}
}

@ARTICLE{Grossberg:76b,
  author       = {S. Grossberg},
  title        = {Adaptive Pattern Classification and Universal Recoding, II: Feedback, expectation, olfaction, illusions},
  year         = {1976},
  volume       = {23},
  journal      = {Biological Cybernetics},
  pages        = {187-202}
}

@ARTICLE{Grossberg:87,
    author     = {Stephen Grossberg},
    title      = {Competitive Learning: From Interactive Activation to Adaptive Resonance},
    year       = {1987},
    journal    = {Cognitive Science},
    volume     = {11},
    number     = {1},
    pages      = {23--63},
}

@BOOK{Grossberg88Book,
   author     = {Stephen Grossberg},
   title      = {Neural networks and natural intelligence},
   year       = {1988},
   Publisher  = {MIT Press},
   address    = {Cambridge, MA.}
}

@INPROCEEDINGS{Guojian:00,
    author     = {Guojian Cheng, Andreas Zell},
    title      = {Double Growing Neural Gas for Disease Diagnosis},
    year       = {2000},
    booktitle  = {Artificial Neural Networks in Medicine and Biology Conference (ANNIMAB-1) in Goteborg},
    volume     = {5},
    pages      = {309-314},
    month      = may,
    address    = {Sweden},
    publisher  = {Springer},
    url     = {http://citeseer.nj.nec.com/308878.html},
    lastaccess   = {08/01/2004}
}

@INPROCEEDINGS{Guttman:84:RTree,
   author     = {Antonin Guttman},
   title      = {R-Trees: A Dynamic Index Structure for Spatial Searching},
   year       = {1984},
   booktitle  = {ACM SIGMOD Conference},
   pages      = {47--57},
   address    = {Boston}
}

@ARTICLE{Halgamuge:97,
  author     = {S. Halgamuge},
  title      = {Self-Evolving neural Networks for Rule-Based Data Processing},
  year       = {1997},
  journal    = {IEEE Transactions on Signal Processing},
  volume     = {45},
  number     = {11},
  month      = nov
}

@ARTICLE{Ham:96,
  author =       {F. Ham and S. Han},
  title =        {Classification of cardiac arrhythmias using fuzzy artmap},
  year =         {1996},
  journal =      {{IEEE} Transactions on Biomedical Engineering},
  volume =       {43},
  number =       {4},
  pages =        {425--430}
}

@INBOOK{Hamalainen02ParallelSOM,
  AUTHOR    = {T. D. Hamalainen},
  editor    = {},
  TITLE     = {Self-Organizing Neural Networks: Recent Advances and Applications of Studies in Fuzziness and Soft Computing},
  CHAPTER   = {Parallel Implementations of Self-Organizing Maps},
  pages     = {245--278},
  PUBLISHER = {Physica-Verlag Heidelberg},
  YEAR      = {2002},
  volume    = {78},
  number    = {},
  series    = {},
  type      = {},
  address   = {},
  edition   = {},
  month     = {},
  note      = {},
  abstract  = {},
  keywords  = {},
  file      = {}
}

@ARTICLE{Haring:94,
  author    = {Haring, S. and Viergever, M. A. and Kok, J. N.},
  title     = {Kohonen networks for multiscale image segmentation},
  year      = {1994},
  journal   = {Image and Vision Computing},
  volume    = {12},
  number    = {6},
  month     = jul/aug,
  pages     = {339 -- 44}
}

@ARTICLE{Haykin:94,
  author       = {Haykin, S.},
  title        = {Neural Networks-A Comprehensive Foundation},
  year         = {1994},
  journal      = {Macmillan And IEEE Press},
  address      = {NEW York}
}

@BOOK{Haykin:99,
  author       = {Simon Haykin},
  title        = {Neural {N}etworks: a {C}omprehensive {F}oundation},
  year         = {1999},
  publisher    = {Prentice Hall}
}

@BOOK{Hebb:49,
  author       = {D. O. Hebb},
  title        = {The Organization of Behavior},
  year         = {1949},
  address      = {New York, NY},
  publisher    = {John Wiley \& Sons}
}

@INPROCEEDINGS{Hellerstein:95,
  author    = {Joseph M. Hellerstein and Jeffrey F. Naughton and Avi Pfeffer},
  title     = {Generalized Search Trees for Database Systems},
  booktitle = VLDB,
  year      = {1995},
  _month     = {11--15},
  pages     = {562--573},
  publisher = {Morgan Kaufmann},
  note      = {editors Umeshwar Dayal and Peter M. D. Gray and Shojiro Nishio, isbn 1-55860-379-4}
}

@ARTICLE{Hierarchical-GTM,
  AUTHOR   = {P. Tino and I. Nabney},
  TITLE    = {Hierarchical GTM: constructing localized nonlinear projection manifolds in a principled way},
  JOURNAL  = {Pattern Analysis and Machine Intelligence, IEEE Transactions on},
  YEAR     = {2002},
  volume   = {24},
  number   = {5},
  pages    = {639--656},
  month    = may,
  _note     = {},
  _abstract = {},
  _keywords = {},
  _source   = {},
  _file     = {}
}

@ARTICLE{Hoare:62:Quicksort,
  AUTHOR   = {C.A.R. Hoare},
  TITLE    = {Quicksort},
  JOURNAL  = {Comput. J.},
  YEAR     = {1962},
  number   = {5},
  volume   = {1},
  pages    = {10-15},
  keywords = {Quicksort}
}

@ARTICLE{Hodge:01:IntegratedIRSystem,
  author =       {V. J. Hodge and J. Austin},
  title =        {An integrated neural IR system},
  journal =      {ESANN'2001 proceedings - European Symposium on Artificial Neural Networks},
  year =         {2001},
  pages =        {265-270},
  month =        apr,
  note =         {ES2001-301},
  address  =     {Bruges (Belgium)},
  annote =       {ISBN 2-930307-01-3}
}

@ARTICLE{Hodge:01:TreeGCS,
  author =       {V.J. Hodge and J. Austin},
  title =        {Hierarchical growing cell structures: TreeGCS},
  journal =      {Knowledge and Data Engineering, IEEE Transactions on},
  year =         {2001},
  volume =       {13},
  number =       {2},
  pages =        {207-218},
  month =        mar
}

@ARTICLE{Hodge02TreeGCS-WordClustering,
  AUTHOR   = {Victoria J. Hodge and Jim Austin},
  TITLE    = {Hierarchical Word Clustering - automatic thesaurus generation},
  JOURNAL  = {NeuroComputing},
  YEAR     = {2002},
  volume   = {48},
  number   = {1-4},
  pages    = {819--846},
  _month    = {},
  _note     = {},
  abstract = {},
  keywords = {},
  source   = {},
  file     = {}
}

@BOOK{Holland:75,
  author       = {J. Holland},
  title        = {Adaptation in Natural and Artificial Systems},
  publisher    = {The University of Michigan Press},
  year         = {1975}
}

@INPROCEEDINGS{Hopfield:82,
  author       = {J. J. Hopfield},
  title        = {Neural networks and systems with emergent selective computational abilities},
  booktitle    = {National Academy of Sciences of the USA},
  year         = {1982},
  volume       = {79},
  pages        = {3088--3082}
}

@ARTICLE{Hote:33:PCA,
  author =       {H. Hote},
  title =        {Analysis of a Complex of Statistical Variables into Principal Components},
  journal =      {Educational Psychology},
  year =         {1933},
  volume =       {24},
  pages =        {417-441, 498-520}
}

@INPROCEEDINGS{Huang:2001:UsingFastMap,
  AUTHOR =       {Zhexue Huang and Michael K. Ng and David Wai-Lok Cheung},
  TITLE =        {{A}n {E}mpirical {S}tudy on the {V}isual {C}luster {V}alidation {M}ethod with {F}astmap},
  BOOKTITLE =    {International Conference on Database Systems for Advanced Applications (DASFAA), 7th},
  YEAR =         {2001},
  _editor =       {},
  _volume =       "",
  _number =       "",
  _series =       "",
  pages =        {84-91},
  address =      {Hong Kong, China},
  month =        apr,
  _organization = {IEEE},
  publisher =    {IEEE},
  _note =         "",
  _abstract =     "",
  _keywords =     "",
  _file = F
}

@ARTICLE{Hubel62,
  AUTHOR   = {D.H. Hubel and T.N. Wiesel},
  TITLE    = {Receptive fields, binocular interaction  and functional arquitecture in the cat's visual cortex},
  JOURNAL  = {Journal of Physicology},
  YEAR     = {1962},
  volume   = {160},
  number   = {},
  pages    = {104--154},
  month    = {},
  note     = {London},
  abstract = {},
  keywords = {},
  source   = {},
  file     = {}
}

@INPROCEEDINGS{Hubel77VisualCortex,
  AUTHOR       = {D.H. Hubel and T.N. Wiesel},
  TITLE        = {Functional arquitecture of macaque visual cortex},
  BOOKTITLE    = {Royal Society},
  YEAR         = {1977},
  editor       = {},
  volume       = {198},
  number       = {},
  series       = {},
  pages        = {1--59},
  address      = {London},
  month        = {},
  organization = {},
  publisher    = {},
  note         = {},
  abstract     = {},
  keywords     = {},
  file         = {}
}

@ARTICLE{Huntsberger90ParallelSOM,
  AUTHOR   = {T. L. Huntsberger and P. Ajjimarangsee},
  TITLE    = {Parallel self-organizing feature maps for unsupervised pattern recognition},
  JOURNAL  = {International. Journal on General Systems},
  YEAR     = {1990},
  volume   = {16},
  number   = {4},
  pages    = {357--372},
  month    = {},
  note     = {},
  abstract = {},
  keywords = {},
  source   = {},
  file     = {}
}

@ARTICLE{Jain99Clustering,
  AUTHOR   = {A.K. Jain},
  TITLE    = {{D}ata {C}lustering: {A} {R}eview},
  JOURNAL  = {ACM Computing Surveys},
  YEAR     = {1999},
  volume   = {31},
  number   = {3},
  pages    = {264--323},
  month    = {},
  note     = {},
  abstract = {},
  keywords = {},
  source   = {},
  file     = {}
}

@INPROCEEDINGS{John:94,
  author       = {G. John and R. Kohavi and K. Pfleger},
  title        = {Irrelevant Features and the Subset Selection Problem},
  booktitle    = {International Conference on Machine Learning, 10th},
  year         = {1994},
  pages        = {167--173},
  address      = {San Francisco, CA},
  editor       = MK,
}

@ARTICLE{Jolliffe:86,
  author =       {I.J. Jolliffe},
  title =        {Principal Component Analysis},
  journal =      {Springer-Verlag},
  year =         {1986},
  note =         {New York}
}

@ARTICLE{Kalantari:83:BST,
  AUTHOR   = {I. Kalantari and G. McDonald},
  TITLE    = {A data structure and an algorithm for the nearest point problem},
  JOURNAL  = {IEEE Transactions on Software Engineering},
  YEAR     = {1983},
  volume   = {9},
  number   = {5},
  _pages    = {},
  _month    = {},
  _note     = {},
  _abstract = {},
  _keywords = {},
  _source   = {},
  _file     = {}
}

@INPROCEEDINGS{Kangas89Variants,
  AUTHOR       = {J. Kangas and T. Kohonen and J. Laaksonen and O. Simula and O. Venta},
  TITLE        = {Variants of self-organizing maps},
  BOOKTITLE    = IJCNN,
  YEAR         = {1989},
  _editor       = {},
  volume       = {2},
  _number       = {},
  _series       = {},
  pages        = {517--522},
  _address      = {},
  month        = jun,
  _organization = {},
  _publisher    = {},
  _note         = {},
  _abstract     = {},
  _keywords     = {},
  _file         = {}
}

@ARTICLE{Kangas90Variants,
  AUTHOR   = {J.A. Kangas and T.K. Kohonen and J.T. Laaksonen},
  TITLE    = {Variants of self-organizing maps},
  JOURNAL  = {IEEE Transactions on Neural Networks},
  YEAR     = {1990},
  volume   = {1},
  number   = {1},
  pages    = {93--99},
  month    = mar,
  note     = {},
  abstract = {},
  keywords = {},
  source   = {},
  file     = {}
}

@INPROCEEDINGS{Kanth:99:RTreeInOracle,
  AUTHOR       = {K. V. R. Kanth and S. Ravada and J. Sharma  and J. Banerjee},
  TITLE        = {Indexing medium dimensionality data in {O}racle},
  BOOKTITLE    = {ACM SIGMOD International Conference on Management of Data},
  YEAR         = {1999},
  _editor       = {},
  _volume       = {},
  _number       = {},
  _series       = {},
  pages        = {521--522},
  address      = {Philadelphia},
  _month        = {},
  _organization = {},
  _publisher    = {},
  _note         = {},
  _abstract     = {},
  _keywords     = {},
  _file         = {}
}

@ARTICLE{Karnin:90,
  author       = {Ehud D. Karnin},
  title        = {A Simple Procedure for Pruning Back-Propagation Trained Neural Networks},
  journal      = {IEEE Transactions on Neural Networks},
  volume       = {1},
  number       = {2},
  pages        = {239--242},
  month        = jun,
  year         = {1990}
}

@INPROCEEDINGS{Kaski99FastWinnerUnit,
  author     = {Samuel Kaski},
  title      = {Fast Winner Search for SOM-based Monitoring and Retrieval of High-dimensional Data},
  booktitle  = ICANN,
  year       = {1999},
  volume     = {2},
  pages      = {940--945},
  address    = {London},
  publisher  = {{IEEE} Conference Publication},
  url        = {http://citeseer.nj.nec.com/kaski99fast.html},
  lastaccess = {08/01/2004}
}

@INPROCEEDINGS{Kaski:01:LearningMetricsIJCNN,
  author    = {S. Kaski and J. Sinkkonen and J. Peltonen},
  title     = {Learning metrics for self-organizing maps},
  booktitle = IJCNN,
  year      = {2001},
  volume    = {2},
  pages     = {914-919},
  address   = {Washington DC},
  publisher = {{IEEE Press}}
}

@INPROCEEDINGS{Kaski:01:LearningMetrics-SPSW,
  AUTHOR       = {Samuel Kaski},
  TITLE        = {Learning metrics for exploratory data analysis},
  BOOKTITLE    = {Signal Processing Society Workshop},
  YEAR         = {2001},
  _editor       = {},
  _volume       = {},
  _number       = {},
  _series       = {},
  pages        = {53--62},
  _address      = {},
  _month        = {},
  _organization = {},
  _publisher    = {},
  _note         = {},
  _abstract     = {},
  _keywords     = {},
  _file         = {}
}

@INPROCEEDINGS{Kaski:01:LearningMetricsWSOM,
  author    = {Samuel Kaski and J. Sinkkonen},
  title     = {A topography-preserving latent variable model with learning metrics},
  booktitle = WSOM,
  year      = {2001},
  pages     = {224--229},
  _address   = {XXX},
  _publisher = {},
  _annote    = {},
}

@INPROCEEDINGS{katayama97srtree,
  AUTHOR       = {N. Katayama and S. Satoh},
  TITLE        = {{T}he {SR}-tree: {A}n {I}ndex {S}tructure for {H}igh-{D}imensional {N}earest {N}eighbor {Q}ueries},
  BOOKTITLE    = {ACM SIGMOD International Conference on Management of Data},
  YEAR         = {1997},
  _editor       = {},
  _volume       = {},
  _number       = {},
  _series       = {},
  pages        = {369-380},
  address      = {Tucson},
  _month        = {},
  -organization = {},
  _publisher    = {},
  url          = {http://citeseer.nj.nec.com/katayama97srtree.html},
  lastaccess= {08/01/2004},
  _abstract     = {},
  _keywords     = {},
  file         = {}
}

@BOOK{Kaufman:90,
  author       = {Leonard Kaufman and Peter J. Rosseeauw},
  title        = {Finding Groups in Data: An Introduction to Cluster Analysis},
  year         = {1990},
  publisher    = {John Wiley \& Sons, Inc.}
}

@INPROCEEDINGS{Kim:95,
  author =       {J. W. Kim and K. C. Jung and S. K. Kim and J. H. Kim},
  title =        {Shape classification of on-line Chinese character strokes using ART1 neural network},
  booktitle =    {World Congress on Neural Networks (WCNN'95)},
  year =         {1995},
  address =      {Hillsdale},
  publisher =    {NJ:Erlbaum}
}

@INPROCEEDINGS{Klinger71PointQuadTree,
  AUTHOR       = {A. Klinger},
  TITLE        = {Pattern and search statistics},
  BOOKTITLE    = {Optimizing Methods in Statistics},
  YEAR         = {1971},
  editor       = {S. Rustagi},
  volume       = {},
  number       = {},
  series       = {},
  pages        = {303--337},
  address      = {},
  month        = {},
  organization = {},
  publisher    = {},
  note         = {},
  abstract     = {},
  keywords     = {},
  file         = {}
}

@BOOK{Knuth:TAOCP:73,
  author       = {Donald Ervin Knuth},
  title        = {The Art of Computer Programming, vol. 1-3},
  year         = {1973},
  publisher    = {Addison-Wesley, Reading, MA}
}

@BOOK{Kohavi:94,
  author       = {Ron Kohavi and Dan Sommerfield and James Dougherty},
  title        = {MLC++: A Machine Learning Library in C++},
  booktitle    = {In Tools with Artificial Intelligence},
  year         = {1994},
  pages        = {740--743},
  publisher    = {{IEEE} Computer Society Press}
}

@ARTICLE{Kohonen82,
  author     = {Teuvo Kohonen},
  title      = {Self-organized formation of topologically correct feature maps},
  journal    = {Biological Cybernetics},
  volume     = {43},
  pages      = {59--69},
  year       = {1982}
}

@ARTICLE{Kohonen:84,
  author       = {Teuvo Kohonen},
  title        = {Self-organization and Associative memory},
  journal      = {Springer Series of Information Science},
  year         = {1984},
  volume       = {8},
  address      = {Springer-Verlag: New York}
}

@ARTICLE{Kohonen:89,
  author       = {Teuvo Kohonen},
  title        = {Self-organization and Associative memory},
  journal      = {Springer Series of Information Science},
  year         = {1989},
  volume       = {3rd Ed.},
  address      = {Springer-Verlag: Berlin}
}

@INPROCEEDINGS{Kohonen90IEEE,
  AUTHOR       = {Teuvo Kohonen},
  TITLE        = {The self-organizing map},
  BOOKTITLE    = {Institute of Electrical and Electronics Engineers},
  YEAR         = {1990},
  editor       = {},
  volume       = {78},
  number       = {},
  series       = {},
  pages        = {1464--1480},
  address      = {},
  month        = {},
  organization = {},
  publisher    = {},
  note         = {},
  abstract     = {},
  keywords     = {},
  file         = {}
}

@BOOK{Kohonen97Book,
  author       = {Teuvo Kohonen},
  title        = {Self-organization Maps},
  year         = {1997},
  publisher    = {Springer-Verlag: Berlin}
}

@INPROCEEDINGS{Kohonen:89a,
  author      =  {Teuvo Kohonen},
  title       =  {The 'Neural' Phonetic Typewriter},
  booktitle   =  {European Seminar on Neural Networks, 2nd},
  year        =  {1989},
  month       =  feb,
  publisher   =  {British Neural Networks Society},
  address     =  {London, UK}
}

@INPROCEEDINGS{Kohonen:92a,
  author    = {Teuvo Kohonen and Jari Kangas and Jorma Laaksonen and Kari Torkkola},
  title     = {LVQ\_PAK: A program package for the correct application  of Learning Vector Quantization algorithms},
  booktitle = IJCNN,
  year      = {1992},
  volume    = {I},
  pages     = {725--730},
  address   = {Piscataway, NJ},
  publisher = {IEEE Service Center}
}

@INPROCEEDINGS{Kohonen:92b,
  author    = {Teuvo Kohonen},
  title     = {Learning-Vector Quantization and the Self-Organizing Map},
  booktitle = {Theory and Applications of Neural Networks},
  year      = {1992},
  editor    = {J. G. Taylor and C. L. T. Mannion},
  pages     = {235--242},
  address   = {London, UK},
  publisher = {Springer}
}

@ARTICLE{Kohonen93PhysiologicalInterpretation,
  AUTHOR   = {Teuvo Kohonen},
  TITLE    = {Physiological interpretation of the self-organizing map algorithm},
  JOURNAL  = {Neural Networks},
  YEAR     = {1993},
  volume   = {6},
  number   = {},
  pages    = {895--905},
  month    = {},
  note     = {},
  abstract = {},
  keywords = {},
  source   = {},
  file     = {}
}

@INPROCEEDINGS{Kohonen93Generalizations,
  AUTHOR       = {Teuvo Kohonen},
  TITLE        = {Generalizations of the self-organizing map},
  BOOKTITLE    = IJCNN,
  YEAR         = {1993},
  _editor       = {},
  volume       = {1},
  _number       = {},
  _series       = {},
  _pages        = {457--462},
  address      = {Nagoya, Japan},
  month        = oct,
  _organization = {},
  _publisher    = {},
  _note         = {},
  _abstract     = {},
  _keywords     = {},
  _file         = {}
}

@TECHREPORT{Kohonen:96,
  author        = {Teuvo Kohonen and Jussi Hynninen and Jari Kangas and Jorma Laaksonen and Kari Torkkola},
  title         = {{LVQ\_PAK}: The Learning Vector Quantization Program Package},
  year          = {1996},
  institution   = {Helsinki University of Technology, Laboratory of Computer and Information Science},
  number        = {A30},
  month         = jan
}

@INCOLLECTION{Kohonen:96:Very,
  AUTHOR    = {Teuvo Kohonen and Samuel Kaski and Krista Lagus and Timo Honkela},
  TITLE     = {Very large two-level {SOM} for the browsing of newsgroups},
  BOOKTITLE = {Proceedings of ICANN96, International Conference on Artificial Neural Networks},
  PUBLISHER = {Springer},
  YEAR      = {1996},
  editor    = {C. {von der Malsburg} and W. {von Seelen} and J. C. Vorbr{\"u}ggen and B. Sendhoff},
  _volume    = {},
  _number    = {},
  _series    = {},
  _type      = {},
  _chapter   = {},
  pages     = {269--274},
  address   = {Bochum, Germany},
  _edition   = {},
  month     = jul,
  _note      = {},
  _abstract  = {},
  _keywords  = {},
  url = {http://citeseer.nj.nec.com/kohonen96very.html},
  lastaccess   = {08/01/2004}
}

@INPROCEEDINGS{Kohonen:97:Speech,
  author     = {Teuvo Kohonen and Panu Somervuo},
  title      = {Self-organizing maps of symbol strings with application to speech recognition},
  booktitle  = WSOM,
  year       = {1997},
  month      = jun,
  pages      = {2--7},
  address    = {Espoo, Finland},
  publisher  = {Helsinki University of Technology, Neural Networks Research Centre}
}

@INPROCEEDINGS{Kohonen97ICNN,
  author    = {Teuvo Kohonen},
  title     = {Exploration of Very Large Databases by Self-Organizing Maps},
  booktitle = ICNN,
  year      = {1997},
  address   = {Houston},
  pages     = {PL1--PL6},
  publisher = {IEEE Service Center}
}

@INPROCEEDINGS{Kohonen98WEBSOM,
  author    = {Teuvo Kohonen},
  title     = {Self-Organization of Very Large Document Collections: State of the Art},
  booktitle = ICANN,
  volume    = {1},
  year      = {1998},
  pages     = {65-74},
  publisher = {Springer},
  address   = {London},
  editor    = {L. Niklasson and M. Boden and T. Ziemke}
}

@INPROCEEDINGS{Koikkalainen90HierarchicalsMaps,
  AUTHOR       = {Pasi Koikkalainen and Erkki Oja},
  TITLE        = {Self-organizing hierarchical feature maps},
  BOOKTITLE    = IJCNN,
  YEAR         = {1990},
  _editor       = {},
  volume       = {II},
  _number       = {},
  _series       = {},
  pages        = {279-284},
  address      = {San Diego, CA},
  _month        = {},
  _organization = {},
  _publisher    = {},
  _note         = {},
  _abstract     = {},
  _keywords     = {},
  _file         = {}
}

@INPROCEEDINGS{Kolinummi:97,
  author    = {Pasi Kolinummi and Timo H{\"a}m{\"a}l{\"a}inen and Kimmo Kaski},
  title     = {Mappings of SOM and LVQ on the Partial Tree Shape Neurocomputer},
  booktitle = ICNN,
  year      = {1997},
  address   = {Piscataway, NJ},
  volume    = {II},
  pages     = {904--909},
  publisher = {IEEE Service Center}
}

@ARTICLE{Kolinummi00ParallelSOM,
  AUTHOR   = {P. Kolinummi and P. Pulkkinen and T. Hamalainen and J. Saarinen},
  TITLE    = {Parallel implementation of self-organizing map on the partial tree shape neurocomputer},
  JOURNAL  = {Neural Processing Letters},
  YEAR     = {2000},
  volume   = {12},
  number   = {2},
  pages    = {171--182},
  month    = {},
  note     = {},
  abstract = {},
  keywords = {},
  source   = {},
  file     = {}
}


@INPROCEEDINGS{Kuan:97:FastNearestNeighbor,
  AUTHOR       = {J. Kuan and P. Lewis},
  TITLE        = {Fast k nearest neighbour search for {R}-{T}ree family},
  BOOKTITLE    = {International Conference on Information, Communication and Signal Processing},
  YEAR         = {1997},
  editor       = {},
  volume       = {},
  number       = {},
  series       = {},
  pages        = {},
  address      = {Singapore},
  month        = sep,
  organization = {},
  publisher    = {},
  note         = {},
  abstract     = {},
  keywords     = {},
  url = "citeseer.nj.nec.com/kuan97nearest.html"
}

@INPROCEEDINGS{Kusumoputro:99,
  author    = {B. Kusumoputro and M. R. Widyanto and M. I. Fanany and H. Budiarto},
  title     = {Improvement of Artificial Odor Discrimination System using fuzzy-LVQ Neural Network},
  booktitle = {International Conference on Computational Intelligence and Multimedia Applications. ICCIMA99. IEEE Comput. Soc, Los Alamitos, CA, USA},
  year      = {1999},
  pages     = {474--481}
}

@ARTICLE{Kwok:97,
  author       = {Tin-Yau Kwok and Dit-Yan Yeung},
  title        = {Objective Functions for Training New Hidden Units in Constructive Neural Networks},
  year         = {1997},
  journal      = {IEEE Transactions on Neural Networks},
  volume       = {8},
  number       = {5},
  pages        = {1131--1148},
  month        = sep
}

@INPROCEEDINGS{Kruskal:56:MST,
  AUTHOR       = {J. B. Kruskal Jr},
  TITLE        = {{O}n the {S}hortest {S}panning {S}ubtree of a {G}raph and the {T}raveling {S}alesman {P}roblem},
  BOOKTITLE    = {American Mathematical Society},
  YEAR         = {1956},
  _editor       = {},
  volume       = {7},
  _number       = {},
  _series       = {},
  pages        = {48--50},
  _address      = {},
  _month        = {},
  _organization = {},
  _publisher    = {},
  _note         = {},
  _abstract     = {},
  _keywords     = {},
  _file         = {}
}

@INPROCEEDINGS{Laaksonen:99:PicSOM,
  AUTHOR       = {J. Laaksonen and M. Koskela and E. Oja},
  TITLE        = {Application of tree structured self-organizing maps in content-based image retrieval},
  BOOKTITLE    = ICANN,
  YEAR         = {1999},
  _editor       = {},
  volume       = {1},
  _number       = {},
  _series       = {},
  pages        = {174--179},
  a_ddress      = {},
  month        = sep,
  _organization = {},
  _publisher    = {},
  _note         = {},
  _abstract     = {},
  _keywords     = {},
  _file         = {downloaded}
}

@TECHREPORT{Lang88TDNN,
  author      = {K.J. Land and G.E. Hilton},
  title       = {The development of the time-delay neural network architecture for speech recognition},
  institution = {Carnegie Mellon University},
  year        = {1988},
  type        = {},
  number      = {CMU-CS-88-152},
  address     = {Pittsburgh, PA},
  month       = {},
  note        = {},
  abstract    = {},
  keywords    = {},
  source      = {},
  file        = {}
}


@INPROCEEDINGS{Lo91,
  AUTHOR       = {Z.P. Lo and M. Fujita and B. Bavarian},
  TITLE        = {Analysis of neighborhood interaction in {K}ohonen {N}eural networks},
  BOOKTITLE    = {International Parallel Processing Symposium, 6th},
  YEAR         = {1991},
  editor       = {},
  volume       = {},
  number       = {},
  series       = {},
  pages        = {247--249},
  address      = {Los Alamitos, CA},
  month        = {},
  organization = {},
  publisher    = {},
  note         = {},
  abstract     = {},
  keywords     = {},
  file         = {}
}

@ARTICLE{MacQueen:67:kMeans,
  author =       {J. MacQueen},
  title =        {Some Methods for classification and analysis of multivariate observations},
  journal =      {Proceedings - 5th Berkeley Symposium},
  year =         {1967},
  pages =        {281-297},
  volume       = {1}
}

@BOOK{Mehra:92,
  editor       = {Pakaj Mehra and Benjamin W. Wah},
  title        = {Artificial Neural Networks: Concepts and Theory.},
  publisher    = {IEEE Computer Society Press},
  year         = {1992},
  volume       = {1}
}

@inproceedings{merkl97exploration,
    author    = {Dieter Merkl},
    title     = {Exploration of Text Collections with Hierarchical Feature Maps},
    booktitle = {Research and Development in Information Retrieval},
    pages     = {186-195},
    year      = {1997},
    url       = {http://citeseer.nj.nec.com/article/merkl97exploration.html},
    lastaccess   = {08/01/2004}
}

@inproceedings{lampinen92clustering,
    author    = {Jouko Lampinen},
    title     = {On Clustering Properties of Hierarchical Self-Organizing Maps},
    booktitle = {Artificial Neural Networks, 2},
    volume    = {II},
    publisher = {North-Holland},
    address   = {Amsterdam, Netherlands},
    editor    = {I. Aleksander and J. Taylor},
    pages     = {1219--1222},
    year      = {1992},
    url       = {http://citeseer.nj.nec.com/lampinen92clustering.html},
    lastaccess   = {08/01/2004}
}

@ARTICLE{lampinen92clustering-journal,
  AUTHOR   = {Jouko Lampinen and Erkki Oja},
  TITLE    = {Clustering properties of hierarchical self-organizing maps},
  JOURNAL  = {Journal of Mathematical Imaging and Vision},
  YEAR     = {1992},
  volume   = {2},
  number   = {2-3},
  pages    = {261--272},
  month    = nov,
  _note     = {},
  _abstract = {},
  _keywords = {},
  _source   = {},
  _file     = {}
}

@article{lampinen95distortion,
    author  = {Jouko Lampinen and Erkki Oja},
    title   = {Distortion Tolerant Pattern Recognition Based on Self-Organizing Feature Extraction},
    journal = {IEEE Transactions on Neural Networks},
    volume  = {6},
    number  = {3},
    month   = may,
    pages   = {539--547},
    year    = {1995},
    url     = {http://citeseer.nj.nec.com/lampinen95distortion.html},
    lastaccess   = {08/01/2004}
 }

@ARTICLE{Levenshtein66LEdit,
  AUTHOR   = {V. Levenshtein},
  TITLE    = {Binary codes capable of correcting deletions, insertions, and reversals},
  JOURNAL  = {Cybernetics and Control Theory},
  YEAR     = {1966},
  volume   = {10},
  number   = {8},
  pages    = {707-710},
  month    = {},
  note     = {},
  abstract = {},
  keywords = {},
  source   = {},
  file     = {}
}

@INBOOK{Lippman:87,
  author       = {Richard P. Lippmann},
  crossref     = {Mehra:92},
  title        = {An Introduction to Computing with Neural Nets},
  pages        = {13--31}
}

@INBOOK{Oja:88,
  author       = {Erkki Oja and Teuvo Kohonen},
  crossref     = {Mehra:92},
  title        = {The Subspace Learning Algorithm as a Formalism for Pattern Recognition and Neural Networks.},
  pages        = {13--31}
}

@INPROCEEDINGS{Lagus:96,
  author     = {Krista Lagus and Timo Honkela and Samuel Kaski and Teuvo Kohonen},
  title      = {Self-organizing maps of document collections: {A} new approach to interactive exploration},
  booktitle  = {International Conference on Knowledge Discovery and Data Mining, 2},
  year       = {1996},
  pages      = {238--243},
  editor     = {Evangelios Simoudis and Jiawei Han and Usama Fayyad},
  address    = {Menlo Park, California},
  publisher  = {AAAI Press},
  url        = {http://citeseer.nj.nec.com/lagus96selforganizing.html},
  lastaccess = {08/01/2004}
}

@ARTICLE{LinK:94,
  author =       {K.I. Lin and H.V. Jagadish and C. Faloutsos},
  title =        {The TV-tree -An Index Structure for High-Dimensional Data},
  journal =      {Very Large Data Bases Journal},
  year =         {1994},
  volume =       {3},
  number =       {4},
  pages =        {517-542},
  month =        sep,
  note =         {Santiago de Chile}
}

@ARTICLE{Linsker:86,
  author       = {Ralph Linsker},
  title        = {From Basic Network Principles to Neural Architecture: Emergence of Spacial-Opponent Cells / Orientation-Selective Cells / Orientation Columns},
  year         = {1986},
  journal      = {Proceedings of the National Academy of Sciences},
  volume       = {83},
  pages        = {7508--7512, 8390--8394, 8779--8783}
}

@MISC{Lambooy:95,
  author     = {Roberto Lambooy},
  title      = {CALM, a Different Approach: Evolution in and Experimenting with CALM Architectures},
  year       = {1995},
  url       = {http://citeseer.nj.nec.com/lambooy95calm.html},
  lastaccess   = {08/01/2004}
}

@ARTICLE{Lloyd:82:Batch:kMeans,
  author =       {S. P. Lloyd},
  title =        {Least squares quantization in PCM},
  journal =      {IEEE Transactions on Information Theory},
  year =         {1982},
  volume =       {28},
  number =       {2},
  pages =        {129-137},
  _month =        {},
  _note =         {}
}

@ARTICLE{Lu:93,
  author       = {Lu H. and B. C. Ooi},
  title        = {Spatial indexing: past and future},
  year         = {1993},
  journal      = {IEEE Data Engineering Bulletin},
  volume       = {16},
  number       = {3},
  pages        = {16-21}
}

@MISC{Maio:96,
  author      = {D. Maio and D. Maltoni},
  title       = {A Structural Approach to Fingerprint Classification},
  year        = {1996}
}

@ARTICLE{Malsburgs:73,
  author       = {C. Von der Malsburgs},
  title        = {An Automation with brain-like properties},
  year         = {1973},
  journal      = {Kibernets},
  volume       = {14},
  pages        = {85--100}
}

@MASTERSTHESIS{Markus:99,
   author      = {Markus Koskela},
   title       = {Content-Based Image Retrieval with Self-Organizing Maps},
   year        = {1999},
   school      = {Helsinki University Of Technology Department of Engineering Physics and Mathematics},
   month       = aug,
   address     = {Helsinki, Finland},
   url         = {http://citeseer.nj.nec.com/369758.html},
   lastaccess  = {08/01/2004}
}

@INPROCEEDINGS{MartinetzSchulten:91,
  AUTHOR       = {T. M. Martinetz and K. J. Schulten},
  TITLE        = {Network Learns Topologies},
  BOOKTITLE    = {Artificial Neural Networks},
  YEAR         = {1991},
  editor       = {T. Kohonen, K. Makisara, O. Simula and J. Kangas},
  _volume       = {},
  _number       = {},
  _series       = {},
  pages        = {397--402},
  address      = {North-Holland, Amsterdam},
  _month        = {},
  _organization = {},
  _publisher    = {},
  _note         = {},
  _abstract     = {},
  _keywords     = {},
  _file         = {}
}

@INPROCEEDINGS{Martinetz:93,
  author     = {T.M. Martinetz},
  title      = {Competitive Hebbian learning rule forms perfectly preserving maps},
  booktitle  = ICANN,
  year       = {1993},
  pages      = {427-434},
  address    = {Amsterdam},
  publisher  = {Springer}
}

@INPROCEEDINGS{Martinetz:94,
  author     = {T.M. Martinetz and K. J. Schulten},
  title      = {Topology representing networks},
  booktitle  = {Neural Networks, 7},
  year       = {1994},
  volume     = {3},
  pages      = {507-522},
  address    = {Amsterdam},
  publisher  = {Springer}
}

@TECHREPORT{Matsuoka:95,
    author      = {Yoky Matsuoka},
    title       = {Embodiment and Manipulation Learning Process for a Humanoid Hand},
    year        = {1995},
    institution = {Massachusetts Institute of Technology},
    number      = {AITR-1546},
    pages       = {90},
    url         = {http://citeseer.nj.nec.com/matsuoka95embodiment.html},
    lastaccess  = {08/01/2004}
}

@misc{Mehta:93,
   author    = {B. Mehta and L. Vij and L. Rabelo},
   title     = {Prediction of secondary structures of proteins using fuzzy ARTMAP},
   booktitle = {In Proceedings of the World Congress on Neural Networks WCNN'93},
   year      = {1993},
   volume    = {I},
   pages     = {228-232},
   month     = jul,
   address   = {Portland, OR},
   note      = {Lawrence Erlbaum Ass., Inc., Hillsdale, NJ.}
}

@ARTICLE{Mico:94:LAESA,
  AUTHOR   = {L. Mic and J. Oncina and E. Vidal},
  TITLE    = {A new version of the nearest neighbors approximating and eliminating search (AESA) with linear pre-processing and memory requirements},
  JOURNAL  = {Pattern Recognition Letters},
  YEAR     = {1994},
  volume   = {15},
  _number   = {},
  pages    = {9-17},
  _month    = {},
  _note     = {},
  _abstract = {},
  -keywords = {},
  _source   = {},
  _file     = {}
}

@ARTICLE{Mico:96:kNN,
  AUTHOR   = {L. Mic and J. Oncina and R. Carrasco},
  TITLE    = {A fast branch and bound nearest neighbors classifier in metric spaces},
  JOURNAL  = {Pattern Recognition Letters},
  YEAR     = {1996},
  volume   = {17},
  _number   = {},
  pages    = {731-739},
  _month    = {},
  _note     = {},
  _abstract = {},
  -keywords = {},
  _source   = {},
  _file     = {}
}

@MISC{Microsoft:95Revisar,
  author       = {Microsoft Corporation},
  title        = {The COM Core Technology Specification},
  year         = {1995},
  month        = mar,
  organization = {Department of Computer Science, Iowa State University},
  url          = {http://www.microsoft.com/},
  lastaccess   = {08/01/2004}
}

@BOOK{Mitchell:97,
  author       = {Tom M. Mitchell},
  title        = {Machine learning},
  year         = {1997},
  address      = {New York, US},
  publisher    = {McGraw Hill}
}

@MISC{Morton66,
  author       = {G. Morton},
  title        = {A computer oriented geodetic data base and a new technique in file sequencing},
  howpublished = {IBM Ltd},
  year         = {1966},
  month        = {},
  note         = {},
  abstract     = {},
  keywords     = {},
  source       = {},
  file         = {}
}

@ARTICLE{Moody:89:On-line:kMeans,
  author       = {J. Moody and C.J. Darken},
  title        = {Fast learning in networks of locally tuned processing units},
  journal      = {Neural Computation},
  year         = {1989},
  volume       = {1},
  number       = {2},
  pages        = {281-294},
  _month       = {},
  _note = {}
}

@INPROCEEDINGS{Moya:93,
    author = {M. Moya, M. Koch and L. Hostetler},
    title = {One-class Classifier networks for target recognition applications},
    booktitle = {World Congress on Neural Networks},
    year = {1993},
    pages = {797--801},
    address = {Portland, OR},
    note = {International Neural Network Society, INNS}
}

@INPROCEEDINGS{Murshed:95,
  author =       {N. A. Murshed, F. Bortozzi and R. Sabourin},
  title =        {Off-line signature verification without {a priori} knowledge of class $\omega$2},
  booktitle =    {International Conference on Document Analysis and Recognition},
  year =         {1995},
  editor =       {NJ:IEEE},
  address =      {Piscataway}
}

@INPROCEEDINGS{Murre:89,
  author       = {J. M. Murre and R. H. Pfaf and G. Wolters},
  title        = {CALM networks: A modular approach to supervised and unsupervised learning},
  booktitle    = IJCNN,
  year         = {1989},
  published    = {{IEEE}}
}

@INPROCEEDINGS{Navarro:99:SAT,
  AUTHOR       = {G. Navarro},
  TITLE        = {Searching in metric spaces by spatial approximation},
  BOOKTITLE    = SPIRE,
  YEAR         = {1999},
  _editor       = {},
  _volume       = {},
  _number       = {},
  _series       = {},
  pages        = {141-148},
  _address      = {},
  _month        = {},
  _organization = {},
  publisher    = {IEEE CS Press},
  _abstract     = {},
  _keywords     = {},
  _file         = {}
}

@ARTICLE{Navarro:02:VLDBJ,
  AUTHOR   = {G. Navarro},
  TITLE    = {Searching in metric spaces by spatial approximation},
  JOURNAL  = {The Very Large Databases Journal (VLDBJ)},
  YEAR     = {2002},
  volume   = {11},
  number   = {1},
  pages    = {28--46},
  _month    = {},
  _note     = {},
  _abstract = {},
  _keywords = {},
  _source   = {},
  url        = {http://www.dcc.uchile.cl/~gnavarro/ps/vldbj02.ps.gz},
  lastaccess = {08/01/2004}

}

@INPROCEEDINGS{Navarro:02:FullyDynamicSAT,
  AUTHOR       = {G. Navarro and Nora Reyes},
  TITLE        = {Fully Dynamic Spatial Approximation Trees},
  BOOKTITLE    = {SPIRE},
  YEAR         = {2002},
  _editor       = {},
  _volume       = {},
  _number       = {},
  series       = {LNCS 2476},
  pages        = {254,270},
  _address      = {},
  _month        = {},
  _organization = {},
  publisher    = {Springer},
  _note         = {},
  _abstract     = {},
  _keywords     = {},
  url          = {http://www.dcc.uchile.cl/~gnavarro/ps/spire02.4.ps.gz},
  lastaccess   = {08/01/2004},
}

@INPROCEEDINGS{Nehmzow:91,
  author     = {Ulrich Nehmzow and T. Smithers and J. Hallam},
  title      = {Location Recognition in a Mobile Robot using Self-Organising Feature Maps},
  booktitle  = {Information Processing in Autonomous Mobile Robots. Proc. of the Int. Workshop},
  year       = {1991},
  address    = {Berlin, Heidelberg},
  editor     = {G. Schmidt},
  publisher  = {Springer},
  pages      = {267-277}
}

@ARTICLE{Nene:97:FastkNN,
  AUTHOR   = {S. Nene and S. Nayar},
  TITLE    = {A simple algorithm for nearest neighbors search in high dimensions},
  JOURNAL  = {IEEE Trans. on Pattern Analysis and Machine Intelligence},
  YEAR     = {1997},
  volume   = {19},
  number   = {9},
  pages    = {989-1003},
  _month    = {},
  _note     = {},
  _abstract = {},
  _keywords = {},
  _source   = {},
  _file     = {}
}

@INPROCEEDINGS{Ng:2002:MFastMap,
  AUTHOR      = {Michael K. Ng and Joshua Zhexue Huang},
  TITLE       = {M-FastMap: A Modified FastMap Algorithm for Visual Cluster Validation in Data Mining},
  BOOKTITLE   = {Pacific-Asia Conference on Knowledge Discovery and Data Mining (PAKDD'02), 6th},
  YEAR        = {2002},
  _editor      = {},
  _volume      = {},
  _number      = {},
  _series      = {},
  pages       = {224-236},
  _address     = {},
  _month       = {},
  _organization= {},
  _publisher   = {},
  _note        = {},
  _abstract    = {},
  _keywords    = {},
  _file        = {F},
}

@INPROCEEDINGS{Nolteimer:89,
  AUTHOR       = {H. Nolteimer},
  TITLE        = {Voronoi trees and applications},
  BOOKTITLE    = {International Workshop on Discrete Algorithms and Complexity},
  YEAR         = {1989},
  _editor       = {},
  _volume       = {},
  _number       = {},
  _series       = {},
  pages        = {69-74},
  address      = {Fukuoka Recent Hotel, Fukuoka, Japan},
  _month        = {},
  _organization = {},
  _publisher    = {},
  _note         = {},
  _abstract     = {},
  _keywords     = {},
  _file         = {}
}

@INPROCEEDINGS{Nolteimer:92:BST,
  AUTHOR       = {H. Nolteimer and K. Verbarg and C. Zirkelbach},
  TITLE        = {{M}onotonous {B}isector* {T}rees - a tool for efficient partiotioning of complex schemes of geometric object},
  BOOKTITLE    = {Data Structures and Efficient Algorithms, LNCS 594},
  YEAR         = {1992},
  _editor       = {},
  _volume       = {},
  _number       = {},
  _series       = {},
  pages        = {186-203},
  _address      = {},
  _month        = {},
  _organization = {},
  publisher    = {Springer-Verlag},
  _note         = {},
  _abstract     = {},
  _keywords     = {},
  _file         = {}
}

@INPROCEEDINGS{Obermayer90SomatotopicMaps,
  author    = {K. Obermayer and K. Ritter and H. Schulten},
  title     = {Large-Scale Simulation of a Self-organizing Neural Network: Formation of a Somatotopic Map},
  booktitle = {Parallel Processing in Neural Systems and Computers},
  year      = {1990},
  editor    = {Hartmann {Eckmiller, R.} and G. Hauske},
  pages     = {71--74},
  address   = {Urbana, Illinois},
  publisher = {Elsevier Science Publisher B.V. (North Holland)}
}

@INPROCEEDINGS{Ohta:01,
  author    = {R. Ohta and T. Saito},
  title     = {A growing self-organizing algorithm for dynamic clustering},
  booktitle = IJCNN,
  year      = {2001},
  volume    = {1},
  pages     = {469-473},
  address   = {Washington DC},
  publisher = {{IEEE Press}}
}

@INPROCEEDINGS{Papadias:99,
   author      = {D. Papadias and N. Mamoulis and Y. Theodoridis},
   title       = {Processing and Optimization of Multiway Spatial Joins Using {R}-trees},
   booktitle   = {ACM SIGACT-SIGMOD-SIGART Symposium on Principles of Database Systems (PODS)},
   year        = {1999},
   pages       = {44--55},
   url      = {http://www.cs.ust.hk/faculty/dimitris/PAPERS/pods99.pdf},
   lastaccess   = {08/01/2004}
}

@TECHREPORT{Parekh:95,
   author      = {R. G. Parekh and  J. Yang and  V. Honavar},
   title       = {Constructive Neural Network Learning Algorithms for Multi-Category Pattern Classification},
   year        = {1995},
   institution = {Iowa State University, Department of Computer Science},
   address     = {Ames, Iowa}
}

@INPROCEEDINGS{Parekh:96,
  author       = {Rajesh Parekh and Jihoon Yang and Vasant Honavar},
  title        = {MTiling- A Constructive Neural Network Learning Algorithm for Multi-Category Pattern Classification},
  year         = {1996},
  booktitle    = {World Congress on Neural Networks'96},
  address      = {San Diego},
  pages        = {182--187}
}

@INPROCEEDINGS{Parekh:97a,
  author       = {Rajesh Parekh and Jihoon Yang and Vasant Honavar},
  title        = {Pruning Strategies for the M-Tiling Constructive Learning Algorithm},
  booktitle    = ICNN,
  year         = {1997},
  pages        = {1960--1965}
}

@PHDTHESIS{Patella:99:PhDThesis-MTree,
  AUTHOR   = {Marco Patella},
  TITLE    = {Similarity Search in Multimedia Databases},
  SCHOOL   = {Dipartimento di Elettronica Informatica e Sistemistica, Universit√† degli Studi di Bologna},
  YEAR     = {1999},
  _type     = {},
  address  = {Bologna, Italy},
  month    = feb,
  _note     = {},
  _abstract = {},
  _keywords = {},
  _source   = {},
  _file     = {}
}

@ARTICLE{Pearson:01,
  author =       {K. Pearson},
  title =        {On Lines and Planes of Closest Fit Systems of Points in Space},
  journal =      {Philosophical Magazine},
  year =         {1901},
  volume =       {2},
  pages =        {559-572}
}

@inproceedings{Pelleg:99:Accelerating,
    author = "Dan Pelleg and Andrew Moore",
    title = "Accelerating Exact  k-means Algorithms with Geometric Reasoning",
    booktitle = "Knowledge Discovery and Data Mining",
    pages = "277-281",
    year = "1999",
    url = "citeseer.ist.psu.edu/197730.html" 
}

@MISC{Parekh:98,
  author       = {Rajesh Parekh and Jihoon Yang and Vasant Honavar},
  title        = {Constructive Neural Networks Learning Algorithms for Pattern Classification},
  year         = {1998},
  institution  = {Iowa State University},
  organization = {Department of Computer Science},
  month        = oct,
  url          = {http://www.cs.iastate.edu/$\sim$honavar/aigroup.html},
  lastaccess   = {08/01/2004}
}

@MISC{Prechelt:94,
  author       = {L. Prechelt},
  title        = {Proben1 - A Set of Neural Network Benchmark Problems and Benchmarking Rules},
  year         = {1994},
  instituition = {Fakult\"at f\"ut Informatik, Universit\"at Karlsruhe},
  number       = {Number 21/94},
  note         = {Technical Report}
}

@book{Press:88,
  author    = {William H. Press and Brian P. Flannery and Saul A. Teukolsky and William T. Vetterling},
  title     = {Numerical Recipes in C},
  year      = {1988},
  publisher = {Cambridge University Press}
}

@misc{PSOM,
  author    = {Robert Lang and Kevin Warwick},
  title     = {The Plastic Self Organising Map},
  booktitle = {World Conference on Computational Intelligence (WCCI'02)},
  year      = {2002},
  _note     = {XXX Falta completar},
  url       = {http://citeseer.nj.nec.com/531621.html},
  lastaccess   = {08/01/2004}
}

@MISC{Racz:95,
  author     = {J. Racz and A. Dubrawski},
  title      = {Artificial neural network for mobile robot topological localization},
  year       = {1995},
  journal    = {Robotics and Autonomous Systems},
  volume     = {16},
  pages      = {73--80}
}

@INPROCEEDINGS{Ramos:97,
  author       = {Patr\'icia G. Ramos and Fl\'avia T. do Amaral and Germano C. Vasconcelos},
  title        = {NeuroSAN-Um Animador de Superf√≠cies de Decis\~ao para Redes Neurais},
  year         = {1997},
  booktitle    = {{XXIV} Semin\'ario Integrado de Software e Hardware},
  pages        = {541--548},
  month        = ago
}

@INPROCEEDINGS{Rauber:99,
  AUTHOR       = {A. Rauber and D. Merkl},
  TITLE        = {Using self-organizing maps to organize documents collections and to characterize subject matters: How to make a map tell the news of the world},
  BOOKTITLE    = {Proceedings of the 10th International Conference on Database and Expert Systems Applications (DEXA99)},
  YEAR         = {1999},
  editor       = {T. Bench-Capon, G. Soda and A.M. Tjoa},
  _volume       = {},
  _number       = {},
  _series       = {},
  pages        = {302--311},
  address      = {Florence, Italy},
  month        = sep,
  _organization = {},
  publisher    = {Springer},
  note         = {LNCS 1677 in Lecture Notes in Computer Science},
  _abstract     = {},
  _keywords     = {},
  _file         = {}
}

@Article{rauber03tnn,
  author  = {A. Rauber and D. Merkl and M. Dittenbach},
  title   = {The Growing Hierarchical Self-Organizing Map: Exploratory Analysis of High-Dimensional Data},
  journal = {IEEE Transactions on Neural Networks},
  year    = {2002},
  volume  = {13},
  number  = {6},
  pages   = {1331-1341},
  month   = nov
}

@INPROCEEDINGS{Rawtani:01,
  author    = {L. Rawtani and J.L. Rana and A.K. Tiwari},
  title     = {Number of Hidden Nodes for Shape Preserving ANN Representation of a Curve},
  booktitle = IJCNN,
  year      = {2001},
  volume    = {1},
  pages     = {138-143},
  address   = {Washington DC},
  publisher = {{IEEE Press}},
  annote    = {Application on Speech Recognition},
}

@ARTICLE{Reed93PruningAlgorithms,
  AUTHOR   = {R. Reed},
  TITLE    = {Pruning algorithms -a  survey},
  JOURNAL  = {IEEE Transactions on Neural Networks},
  YEAR     = {1993},
  volume   = {4},
  number   = {5},
  pages    = {740-747},
  month    = {},
  note     = {},
  abstract = {},
  keywords = {},
  source   = {},
  file     = {}
}

@INPROCEEDINGS{Ribeiro:98,
  author       = {Juliana Ribeiro and Germano Crispim Vasconcelos},
  title        = {Verifica\c{c}\~ao Off-line de Assinaturas Baseada em uma Arquitetura Cascade-Correlation Autoassociativa},
  booktitle    = {Anais do V Simp\'osio Brasileiro de Redes Neurais},
  year         = {1998},
  organization = {Sociedade Brasileira de Computa\c{c}\~ao},
  pages        = {305--310},
  month        = dez
}

@TECHREPORT{Riedmiller:94,
  author =       {Martin Riedmiller},
  title =        {RPROP - Description and Implementation Details},
  institution =  {Institut f\"ur Logik, University of Karlsruhe},
  year =         {1994},
  number =       {W-76128 Karlsruhe},
  month =        jan
}

@INPROCEEDINGS{Ritter88Convergence,
  AUTHOR       = {H. Ritter and K. Schulten},
  TITLE        = {Convergence properties of {K}ohonen's topology conserving maps: {F}luctuations, stability, and dimension selection},
  BOOKTITLE    = {Biological Cybernetics},
  YEAR         = {1988},
  _editor       = {},
  volume       = {60},
  _number       = {60},
  _series       = {},
  pages        = {59--71},
  _address      = {},
  _month        = {},
  _organization = {},
  _publisher    = {},
  _note         = {},
  _abstract     = {},
  _keywords     = {},
  _file         = {}
}

@INPROCEEDINGS{Ritter:90,
  author      = {Helge Ritter and Teuvo Kohonen},
  title       = {Learning `Semantotopic Maps' from Context},
  booktitle   = IJCNN,
  year        = {1990},
  volume      = {I},
  pages       = {23--26},
  publisher   = {Lawrence Erlbaum},
  address     = {Hillsdale, NJ}
}

@BOOK{Ritter-et-al92Book,
  author =       {H. Ritter and T. M. Martinetz and K. Schulten},
  title =        {Neural Computation and Self-Organizing Maps: An Introduction},
  publisher =    {Addison-Wesley},
  year =         {1992},
  series =       {Reading, MA},
}

@INCOLLECTION{Ritter95,
  AUTHOR    = {H. Ritter},
  TITLE     = {Self-organizing feature maps: Kohonen maps},
  BOOKTITLE = {The Handbook of Brain Theory and Neural Networks},
  PUBLISHER = {MIT Press},
  YEAR      = {1995},
  editor    = {M.A. Arbib},
  volume    = {},
  number    = {},
  series    = {},
  type      = {},
  chapter   = {},
  pages     = {846--851},
  address   = {Cambridge, MA},
  edition   = {},
  month     = {},
  note      = {},
  abstract  = {},
  keywords  = {},
  file      = {}
}

@INPROCEEDINGS{Robinson:81,
  author      = {J.T. Robinson},
  title       = {The K-D-B Tree: a search structure for large multidimensional dynamic indexes},
  booktitle   = {ACM SIGMOD International Conference on the Management of Data},
  year        = {1981},
  volume      = {I},
  pages       = {10-18},
  publisher   = {Lawrence Erlbaum},
  address     = {Ann Arbor}
}

@ARTICLE{Roussopoulos95kNN-RTree,
  author =       {N. Roussopoulus and S. Kelley and F. Vincent},
  title =        {Nearest Neighbor Queries},
  journal =      {Proceedings of the ACM-SIGMOD International Conference On Management of Data},
  year =         {1995},
  pages =        {71-79},
  note =         {San Jose}
}

@ARTICLE{Rudolf:99,
  author       = {Rudolf Albrecht and Dieter Merkl},
  title        = {Extracting Information from Text Data Bases},
  year         = {1999},
  journal      = {ASP Conferense Series},
  volume       = {172},
  address      = {Garching, Germany},
  url          = {http://citeseer.nj.nec.com/352778.html},
  lastaccess   = {08/01/2004}
}

@INPROCEEDINGS{Rumelhart:86,
  author       = {D. E. Rumelhart and G. E. Hinton and R. J. Williams},
  title        = {Learning Internal Representations by Error Propagation},
  booktitle    = {Parallel Distributed Processing: Explorations in the Microstructure of Cognition. Vol. I: Foundations},
  year         = {1986},
  editor       = {D. E. Rumelhart and J. L. McClelland},
  pages        = {318--362},
  publisher    = {Bradford Books/MIT Press, Cambridge, MA.}
}

@BOOK{Russell:95,
  author       = {Stuart Russel and Peter Norvig},
  title        = {Artificial Intelligence: A Modern Approach},
  year         = {1995},
  publisher    = {Prentice-Hall}
}

@BOOK{Samet:95,
  author =       {H. Samet},
  title =        {Spatial Data Structures},
  publisher =    {Reading, Addison-Wesley/ACM},
  year =         {1995},
  series =       {Modern Database Systems},
  edition =      {{K}im {W}}
}

@ARTICLE{Sammon:69:NLM,
  AUTHOR =       "J.W.Sammon",
  TITLE =        "A Nonlinear Mapping for Data Structure Analysis",
  JOURNAL =      "IEEE Transactions on Computers",
  YEAR =         "1969",
  volume =       "C-18",
  number =       "5",
  pages =        "401-409"
}

@ARTICLE{Samuel59,
  AUTHOR   = {A. L. Samuel},
  TITLE    = {Some studies in machine learning using the game of checkers},
  JOURNAL  = {IBM J. Res. Devel},
  YEAR     = {1959},
  volume   = {3},
  _number   = {},
  pages    = {210-229},
  _month    = {},
  _note     = {},
  _abstract = {},
  _keywords = {},
  _source   = {},
  _file     = F
}

@ARTICLE{Samuel67,
  AUTHOR   = {A. L. Samuel},
  TITLE    = {Some studies in machine learning using the game of checkers: recent progress},
  JOURNAL  = {IBM J. Res. Devel},
  YEAR     = {1967},
  volume   = {11},
  _number   = {},
  pages    = {601-617},
  _month    = {},
  _note     = {},
  _abstract = {},
  _keywords = {},
  _source   = {},
  _file     = F
}

@TECHREPORT{Sandrine:00,
  author      ={Sandrine Dudoit, Jane Fridlyand, Terence P. Speed},
  title       ={Comparison of Discrimination Methods for the Classification of Tumors Using Gene Expression Data},
  institution ={Department of Statistics, University of California},
  year        ={2000},
  number      ={576},
  address     ={Berkeley, C.A.},
  month       ={June},
  url         ={http://citeseer.nj.nec.com/306146.html},
  lastaccess  = {08/01/2004}
}

@BOOK{Sankoff83,
  AUTHOR    = {D. Sankoff and J. Kruskal},
  editor    = {},
  TITLE     = {Time warps, string edits,and macromolecules: the theory and practice of sequence comparison},
  PUBLISHER = {Addison-Wesley},
  YEAR      = {1983},
  volume    = {},
  number    = {},
  series    = {},
  address   = {},
  edition   = {},
  month     = {},
  _note      = {LEdit},
  abstract  = {},
  isbn      = {},
  price     = {},
  keywords  = {},
  source    = {},
  file      = {}
}

@PHDTHESIS{Santos:97,
  author     = {R. R. Santos},
  title      = {Incorpor\~ao do Tipo de Dado Imagem em um Banco de Dados},
  year       = {1997},
  school     = {USP - Universidade de S√£o Paulo (IFSC - Instituto de F√≠sica de S√£o Carlos)},
  note     = {Tese de Doutorado apresentada ao IFSC-USP},
  month      = nov
}

@MASTERSTHESIS{SantosFilho:99,
  author    = {R.F. Santos-Filho},
  title     = {Algoritmos para Indexao de Dados Espaciais Pontuais em Gerenciadores de Objetos},
  year      = {1999},
  school    = {USP - Universidade de S√£o Paulo (IFSC - Instituto de F√≠sica de S√£o Carlos)},
  note      = {Tese de Mestrado - Instituto de Ci√©ncias Matem√°ticas e de Computaci√≥n, Universidade de S√£o Paulo},
  month     = nov,
  address   = {S√£o Carlos}
}

@ARTICLE{SantosFilho:01:OMNI,
  author =       {Roberto Figueira Santos-Filho and Agma Traina and C. {Traina Jr.} and C. Faloutsos},
  title =        {Similarity Search without Tears: The OMNI Family of All-purpose Access Methods},
  journal =      {Proceedings of the 17th International Conference on Data Engineering},
  publisher =    {IEEE Computer Society},
  year =         {2001},
  pages =        {623-630},
  month =        apr,
  note =         {Heidelberg, Germany},
  isbn =         {0-7695-1001-9}
}

@PHDTHESIS{SantosFilho:03:OMNI,
  AUTHOR   = {Roberto Figueira Santos-Filho},
  TITLE    = {Metrics Access Methods for similarity queries: Introducing the OMNI technique},
  SCHOOL   = {ICMC- University of Sao Paulo},
  YEAR     = {2003},
  _type     = {},
  address  = {S√£o Carlos-SP, Brazil},
  month    = mar,
  _note     = {{M}√©todos de Acesso M√©tricos para suporte a consultas por similaridade: Apresenta√ß√£o da t√©cnica OMNI},
  _abstract = {},
  _keywords = {},
  _source   = {},
  _file     = {}
}

@ARTICLE{Schaeffer:1992:Chinook,
  AUTHOR   = {J. Schaeffer~et~al},
  TITLE    = {A World Championship caliber checkers program},
  JOURNAL  = {Artificial Intelligence},
  YEAR     = {1992},
  volume   = {53},
  number   = {2-3},
  pages    = {273-290},
  _month    = {},
  _note     = {},
  _abstract = {},
  _keywords = {},
  _source   = {},
  _file     = F
}

@INPROCEEDINGS{Schomaker:90,
  author    = {L. Schomaker and H. Teulings},
  title     = {A Handwriting Recognition System based on the Properties and Architectures of the Human Motor System},
  booktitle = {International Workshop on Frontiers in Handwriting Recognition},
  year      = {1990},
  volume    = {168},
  pages     = {195-211},
  month     = apr,
  address   = {Montreal}
}

@ARTICLE{Schieber:93,
   author    = {M. H. Schieber and L. S. Hibbard},
   title     = {How somatotopic is the motor cortex hand area ?.},
   year      = {1993},
   journal   = {Science},
   volume    = {261},
   pages     = {489}
}

@TECHREPORT{ComputerScience2001,
  AUTHOR =       "Carl Chang and Peter J. Denning and James H. Cross~II and Gerald Engel and Robert Sloan and Doris Carver and Richard Eckhouse and Willis King and Francis Lau and Susan Mengel and Pradip Srimani and Eric Roberts and Russel Shackelford and Richard Austing and C. Fay Cover and Gordon Davies and Andrew McGettrick and G. Michael Schneider and Ursula Wolz",
  TITLE =        "Computing Curricula 2001 Computer Science",
  INSTITUTION =  "ACM/IEEE",
  YEAR =         "2001",
  _type =         "xxtype",
  _number =       "",
  address =      "http://www.computer.org/education/cc2001/steelman/cc2001/index.htm",
  month =        {December},
  note =         "Last visited March 2004",
  _abstract =     "xxabstract",
  _keywords =     "xxkeywords",
  _file = Fxx
}

@TechReport{ComputerScience2008,
author = {Lillian Cassel and Alan Clements and Gordon Davies and Mark Guzdial and Ren√© McCauley and Andrew McGettrick and Eric Roberts and Bob Sloan and Larry Snyder and Paul Tymann and Bruce W. Weide},
title = {Computer Science Curriculum 2008: An Interim Revision of CS2001},
institution = {ACM/IEEE-CS},
year = {2008},
OPTkey = {},
OPTtype = {},
OPTnumber = {},
OPTaddress = {},
OPTmonth = {},
OPTnote = {},
OPTannote = {},
OPTurl = {},
OPTdoi = {},
OPTissn = {},
OPTlocalfile = {},
OPTabstract = {}
}

@techreport{CS2013,
title = {Computer Science Curricula 2013},
author = {ACM/IEEE-CS Joint Task Force on Computing Curricula},
month = {December},
year = {2013},
institution = {ACM Press and IEEE Computer Society Press},
url = {http://dx.doi.org/10.1145/2534860},
doi = {10.1145/2534860}
}

@TechReport{IEEECompetences,
 author = {{IEEE}},
 title = {IEEE Common Nomenclature for Computing Related Programs in Latin America},
 institution = {IEEE R9},
 year = {2013},
 OPTkey = {},
 OPTtype = {},
 OPTnumber = {},
 OPTaddress = {},
 OPTmonth = {},
 OPTnote = {},
 OPTannote = {},
 OPTurl = {},
 OPTurldate = {},
 OPTlastchecked = {},
 OPTdoi = {},
 isbn = {978-1-4-4799-1711-2},
 OPTissn = {},
 OPTlocalfile = {},
 OPTabstract = {},
 OPTkeywords = {},
}

@TECHREPORT{ComputingCurricula2005,
  AUTHOR =       "Russell Shakelford and James H. Cross and Gordon Davies and John Impagliazzo and Reza Kamali and Richard LeBlanc and Barry Lunt and Andrew McGettrick and Robert Sloan and Heikki Topi",
  TITLE =        "Computing Curricula 2005",
  INSTITUTION =  "ACM/IEEE",
  YEAR =         "2005",
  _type =         "xxtype",
  _number =       "99",
  address =      "http://www.acm.org/education",
  month =        {Abril},
  _note =         "xxnote",
  _abstract =     "xxabstract",
  _keywords =     "xxkeywords",
  source =       "http://www.acm.org/education",
  _file = Fxx
}

@ARTICLE{Shapiro:77,
  AUTHOR   = {M. Shapiro},
  TITLE    = {The choice of reference points in best match file searching},
  JOURNAL  = {Communications of {ACM}},
  YEAR     = {1977},
  volume   = {20},
  number   = {5},
  pages    = {339-343},
  _month    = {},
  _note     = {},
  _abstract = {},
  _keywords = {},
  _source   = {},
  _file     = {}
}

@INPROCEEDINGS{Sellis87RPlusTree,
   author    = {T. K. Sellis and N. Roussopoulos and C. Faloutsos},
   title     = {The R$^+$-Tree: A Dynamic Index for Multi-Dimensional Objects},
   booktitle = VLDB,
   year      = {1987},
   pages     = {507--518},
   address   = {Brighton, England},
   url      = {http://citeseer.nj.nec.com/sellis87tree.html},
   lastaccess   = {08/01/2004}
}

@TECHREPORT{Schiffmann:94,
  AUTHOR      = {W. Shiffmann and M. Joost and R. Werner},
  TITLE       = {{O}ptimization of the {B}ackpropagation {A}lgorithm for {T}raining {M}ultilayer {P}erceptrons},
  INSTITUTION = {Institute of Physics, University of Koblenz},
  YEAR        = {1994},
  type        = {},
  number      = {},
  address     = {},
  month       = {},
  note        = {},
  abstract    = {},
  keywords    = {},
  source      = {},
  file        = {}
}

@BOOK{Schroeder:91:Fractal,
  AUTHOR    = {M. Schroeder},
  _editor    = {},
  TITLE     = {Fractals,  Chaos,  Power  Laws: Minutes  from  an  Infinite  Paradise},
  PUBLISHER = {New York: W. H. Freeman},
  YEAR      = {1991},
  _volume    = {},
  _number    = {},
  _series    = {},
  _address   = {},
  _edition   = {},
  _month     = {},
  _note      = {},
  _abstract  = {},
  _isbn      = {},
  _price     = {},
  _keywords  = {},
  _source    = {},
  _file      = {}
}

@ARTICLE{Seibert:92,
  author =       {M. Seibert and A. M. Waxman},
  title =        {Adaptive 3-D object recognition from multiple views},
  journal =      {IEEE Transactions on Pattern Analysis and Machine Intelligence},
  year =         {1992},
  volume =       {14},
  number =       {2},
  pages =        {107--124}
}

@INPROCEEDINGS{Seibert:93,
  author    = {M. Seibert and A. Waxman},
  title     = {An approach to face recognition using saliency maps and caricatures},
  year      = {1993},
  booktitle = {World Congress on Neural Networks (WCNN-93)},
  volume    = {III},
  address   = {Hillsdale},
  pages     = {661--664},
  publisher = {NJ:Earlbaum},
}

@ARTICLE{Sejnowski87NETtalk,
  AUTHOR   = {T.J. Sejnowski and C.R. Rosenberg},
  TITLE    = {Parallel networks that learns to pronounce {E}nglish text},
  JOURNAL  = {Complex Systems},
  YEAR     = {1987},
  volume   = {1},
  number   = {},
  pages    = {145--168},
  month    = {},
  note     = {},
  abstract = {},
  keywords = {},
  source   = {},
  file     = {}
}

@MISC{Serratosa:99,
    author  = {F. Serratosa, J. Verg√°s-Llah√°, R. Alquezar and A. Sanfeliu},
    title   = {Face Recognition: Graph Matchingversus Neuraltechniques},
    year    = {1999},
    url  = {http://citeseer.nj.nec.com/404515.html},
    lastaccess   = {08/01/2004}
}

@ARTICLE{Simone:96,
    author    = {Simone Santi Ni},
    title     = {The Self-Organizing Field},
    year      = {1996},
    journal   = {IEEE Transactions on Neural Network},
    url    = {http://citeseer.nj.nec.com/408480.html},
    lastaccess   = {08/01/2004}
}

@ARTICLE{Shasha:90,
  author =       {D. Shasha and T.L. Wang},
  title =        {New techniques for best-match retrieval},
  journal =      {ACM Transactions on Information Systems},
  year =         {1990},
  volume =       {8},
  number =       {2},
  pages =        {140-158}
}

@INPROCEEDINGS{Shim:01,
  author    = {Jeong-Yon Shim},
  title     = {Selective information retrieval from hierarchical associative knowledge learning memory},
  booktitle = {IJCNN},
  year      = {2001},
  volume    = {3},
  pages     = {1897-1901},
  address   = {Washington DC},
  publisher = {{IEEE Press}},
}

@ARTICLE{Sleator:85:SplayTrees,
  AUTHOR    = {D.D. Sleator and R.E. Tarjan},
  TITLE     = {Self-adjusting binary search trees},
  JOURNAL   = {Journal of the ACM},
  YEAR      = {1985},
  volume    = {32},
  number    = {3},
  pages     = {652-686},
  month     = {Jul},
  _note     = {},
  _abstract = {},
  _keywords = {},
  _source   = {},
}

@MISC{Smith94,
  author       = {H. Smith},
  title        = {Personal cummunication citing letter sent to Smith by A. L. Samuel},
  _howpublished = {},
  year         = {1994},
  _month        = {},
  _note         = {},
  _abstract     = {},
  _keywords     = {},
  _source       = {},
  _file         = {F},
}

@TECHREPORT{ComputerEngineering2004,
	AUTHOR      = {David Soldan and James Aylor and Alan Clements and Gerald Engel and Ron Hoelzeman and Esther A. Hughes and Joseph L.A. Hughes and John Impagliazzo and Richard C. Jaeger and Robert Klenke and Douglas A. Lyon and Andrew McGettrick and Victor P. Nelson and Daniel J. Neebel and Ivor Page and Gregory D. Peterson and N. Ranganathan and Robert Sloan and Pradip K. Srimani and Mitchell D. Theys and Wayne Wolf and Murali Varanasi},
  TITLE       = {Computer Engineering: Curriculum Guidelines for Undergraduate Degree Programs in Computer Engineering},
  INSTITUTION = {ACM, IEEE-CS},
  YEAR        = {2004},
  _type        = {xxtype},
  _number      = {99},
  _address     = {xxaddress},
  _month       = {feb},
  note        = {Last visited June 2004},
  _abstract    = {xxabstract},
  _keywords    = {xxkeywords},
  source      = {http://www.eng.auburn.edu/ece/CCCE/},
  _file        = {Fxx},
}

@INPROCEEDINGS{Soliz:96,
  author =       {P. Soliz and  G. W. Donohoe},
  title =        {Adaptive Resonance Theory neural network for fundus image segmentation},
  booktitle =    {World Congress on Neural Networks WCNN'96},
  year =         {1996},
  editor =       {NJ:Earlbaum},
  pages  =       {1180--1183},
  address =      {Hillsdale}
}

@INPROCEEDINGS{Sousa:99,
  author       = {H. Sousa and A. Carvalho},
  title        = {Pattern Recongnition using Constructive Algorithms},
  booktitle    = IJCNN,
  year         = {1999},
  editor       = {INNS},
  month        = jul,
  note       = {Printed in CDROM.}
}

@INPROCEEDINGS{Sousa:99a,
  author       = {H. Sousa and A. Carvalho},
  title        = {Credit assessment using Constructive Neural Networks},
  booktitle    = {International Conference on Computational Intelligence and Multimedia Applications.},
  year         = {1999},
  pages        = {40-44},
  month        = sep,
  publisher    = {IEEE Computer Press},
}

@MISC{Squires:91,
  author       = {Charles Squires and Jude Shavlik},
  title        = {Experimental Analysis of Aspects of the Cascade Correlation Learning Archtecture},
  year         = {1991},
  month        = aug,
  organization = {Computer Science Department, University of Wisconsin - Madison},
  note         = {Technical Report, number 91-1},
}

@ARTICLE{Stent:73,
  author      = {Gunter S. Stent},
  title       = {A Physiological Mechanism for {H}ebb's Postulate of Learning},
  year        = {1973},
  journal     = {Proceedings of the National Academy of Sciences},
  volume      = {70},
  pages       = {997--1001},
}

@TECHREPORT{Stepanov:94:STL,
  author =       {Alexander Stepanov and Meng Lee},
  title =        {The Standard Template Library},
  institution =  {HP Labs},
  year =         {1994},
  type =         {HPL},
  number =       {94-34},
  address =      {},
  month =        aug,
  url   = "citeseer.nj.nec.com/stepanov95standard.html" }
}

@book(Strang:80,
  author =  "Gilbert Strang",
  title =   "Linear Algebra and its Applications",
  year =    1980,
  publisher =   "Academic Press",
  note =    "2nd edition",
  keywords =    "svd singular value decomposition",
  annote =  "Excellent book on linear algebra"
}

@BOOK{Stroustrup:2000,
    author    = {B. Stroustrup},
    title     = {The C++ Programming Language (Special Edition)},
    year      = {2000},
    publisher = {Addison-Wesley}
}

@INPROCEEDINGS{Su:01,
  author    = {Min Su and M. Basu},
  title     = {Input data clustering to improve neural network performance},
  booktitle = IJCNN,
  year      = {2001},
  volume    = {1},
  pages     = {160-165},
  address   = {Washington DC},
  publisher = {{IEEE Press}},
  annote    = {Neural Networks}
}

@INCOLLECTION{Suga85Acustic,
  AUTHOR    = {N. Suga},
  TITLE     = {The extent to which bisonar information is represented in the bat auditory cortex},
  BOOKTITLE = {Dynamic Aspects of Neocortical Function},
  PUBLISHER = {New York: Wiley Interscience},
  YEAR      = {1985},
  editor    = {G.M. Edelman and W.E. Gall and W.M. Cowan},
  pages     = {653--695}
}

@ARTICLE{Suganthan:99:HONG,
  AUTHOR   = {P.N. Suganthan},
  TITLE    = {Hierarchical overlapped {SOM}'s for pattern classification},
  JOURNAL  = {IEEE Transactions on Neural Networks},
  YEAR     = {1999},
  volume   = {10},
  number   = {1},
  pages    = {193--196},
  month    = jan,
  _note     = {},
  _abstract = {},
  _keywords = {},
  _source   = {},
  _file     = {}
}

@INPROCEEDINGS{Sun:01,
  author    = {Haojun Sun and Shengrui Wang and Qingshan Jiang},
  title     = {A new validation index for determining the number of clusters in a data set},
  booktitle = IJCNN,
  year      = {2001},
  volume    = {3},
  pages     = {1852-1857},
  address   = {Washington DC},
  publisher = {{IEEE Press}},
  annote    = {Neural Networks}
}

@ARTICLE{Suzuki:95,
    author = {Y. Suzuki},
    title = {Self-Organizing QRS-Wave Recognition in ECG Using Neural Networks},
    year = {1995},
    journal = {IEEE Transactions on Neural Networks},
    volume = {6},
    number = {6},
    month = nov,
    pages = {1469--1477},
}

@MASTERSTHESIS{Talib:93,
  author      = {Talib S. Hussain},
  title       = {ARTSTAR:A Supervised Modular Adaptive Resonance Network Classifier},
  year        = {1993},
  school      = {Quenn's University},
  address     = {Kingston, Ontario - Canada},
  month       = sep,
  url         = {http://citeseer.nj.nec.com/70535.html},
  lastaccess   = {08/01/2004}
}

@INPROCEEDINGS{Tenorio:89,
  author       = {M. F. Tenorio and W. T. Lee},
  title        = {Self-Organizing Neural Nets for the Identification Problem},
  year         = {1989},
  booktitle    = {Advances in Neural Information Processing Systems},
  volume       = {1}
}

@MISC{Traina:00:IMiMD,
  author       = {Caetano Traina Jr and C. Faloutsos},
  title        = {Indexa√ßao e Minera√ß de Dados Multim√≠dia},
  url          = {http://gbdi.icmc.usp.br/imimd/},
  lastaccess   = {08/01/2004},
  year         = {2000},
  _month        = {},
  _note         = {},
  _abstract     = {},
  _keywords     = {},
  _source       = {},
  _file         = {}
}

@INPROCEEDINGS{Traina00SlimTree,
  author       = {C. {Traina Jr} and A. J. M. Traina and B. Seeger and C. Faloutsos},
  title        = {Slim-Trees: High Performance Metric Trees Minimizing Overlap between Nodes},
  booktitle    = {Advances in Database Technology - EDBT 2000, 6th International
                  Conference on Extending Database Technology},
  month        = mar,
  year         = {2000},
  series       = {Lecture Notes in Computer Science},
  volume       = {1777},
  pages        = {51-65},
  address      = {Konstanz, Germany},
  publisher    = {Springer},
  xxnote       = {editor by Carlo Zaniolo and Peter C. Lockemann and Marc H. Scholl and Torsten Grust,
                  bibsource at http://dblp.uni-trier.de,  isbn(3-540-67227-3)}
}

@INPROCEEDINGS{Traina00DistanceExponent,
  AUTHOR       = {C. {Traina Jr} and A.J.M. Traina and C. Faloutsos},
  TITLE        = {Distance {E}xponent: {A} {N}ew {C}oncept for {S}electivity {E}stimation in {M}etric {T}rees},
  BOOKTITLE    = {International COnference on Data Engineering (ICDE)},
  YEAR         = {2000},
  editor       = {},
  volume       = {},
  number       = {},
  series       = {},
  pages        = {195},
  address      = {San Diego, CA},
  month        = feb,
  organization = {},
  publisher    = {},
  note         = {},
  abstract     = {},
  keywords     = {},
  file         = {}
}

@INPROCEEDINGS{Traina:2002:Pruning,
  AUTHOR       = {C. {Traina Jr} and A. J. M. Traina and R. F. Santos Filho and C. Faloutsos},
  TITLE        = {{H}ow to {I}mprove the {P}runing {A}bility  of {D}ynamic {M}etric {A}ccess {M}ethods},
  BOOKTITLE    = {ACM  International Conference  on  Information  and Knowledge  Management, 11th},
  YEAR         = {2002},
  _editor       = {},
  _volume       = {},
  _number       = {},
  _series       = {},
  pages        = {219--226},
  _address      = {},
  month        = nov,
  _organization = {},
  _publisher    = {},
  _note         = {},
  _abstract     = {},
  _keywords     = {},
  _file         = {}
}

@TECHREPORT{Tibshirani:99,
  author       = {R. Tibshirani and T. Hastie and M. Eisen and D. Ross and D. Botstein and P. Brown},
  title        = {Clustering methods for the analysis of DNA microarray data},
  year         ={1999},
  institution  = {Department of Statistics, Stanford University},
  note         = {Technical report}
}

@MISC{Uhlmann:91:MetricTree,
  author       = {J.K. Uhlmann},
  title        = {Implementing metric trees to satisfy general/proximity queries},
  howpublished = {Manuscript},
  year         = {1991},
  _month        = {},
  _note         = {},
  _abstract     = {},
  _keywords     = {},
  _source       = {},
  _file         = {}
}

@ARTICLE{Uhlmann:91:GHT,
  author =       {J.K. Uhlmann},
  title =        {Satisfying General Proximity/Similarity Queries with Metric Trees},
  journal =      {Information Processing Letter},
  year =         {1991},
  volume =       {40},
  pages =        {175-179}
}

@INPROCEEDINGS{Ultsch:93a:UMatrix,
  AUTHOR       = {Alfred Ultsch},
  TITLE        = {Knowledge Extraction from Self-Organizing Neural Networks},
  BOOKTITLE    = {Information and Classification},
  YEAR         = {1993},
  editor       = {O. Opitz et al.},
  _volume       = {},
  _number       = {},
  _series       = {},
  pages        = {301-306},
  _address      = {},
  _month        = {},
  _organization = {},
  publisher    = {Springer, Berlin},
  _note         = {},
  _abstract     = {},
  _keywords     = {},
  _file         = {}
}

@INPROCEEDINGS{Ultsch:93b:UMatrix,
  AUTHOR       = {Alfred Ultsch},
  TITLE        = {{S}elf-{O}rganizing {N}eural {N}etworks for {V}isualization and {C}lassification},
  BOOKTITLE    = {Information and Classification},
  YEAR         = {1993},
  editor       = {O. Opitz et al.},
  _volume       = {},
  _number       = {},
  _series       = {},
  pages        = {307-313},
  _address      = {},
  _month        = {},
  _organization = {},
  publisher    = {Springer, Berlin},
  _note         = {},
  _abstract     = {},
  _keywords     = {},
  _file         = {}
}

@INPROCEEDINGS{Vargas:98a,
  author       = {Ernesto Cuadros-Vargas and Humberto Costa de Sousa and Andr\'e Carlos Ferreira de Carvalho},
  title        = {Target Recognition using Constructive Neural Networks},
  booktitle    = {Image Processing Techniques -  Latino-American Seminar on Radar Remote Sensing, 2nd},
  year         = {1998},
  editor       = {European Space Agency},
  volume       = {433},
  pages        = {83--88},
  month        = oct
}

@INPROCEEDINGS{Vargas:98b,
  author       = {Ernesto Cuadros-Vargas and Humberto Sousa and Andr\'e de Carvalho},
  title        = {Automatic Target Recognition using a Constructive Approach.},
  booktitle    = {Brazilian Symposium on Neural Networks, Vth},
  year         = {1998},
  editor       = {IEEE Computer Press},
  pages        = {112--117},
  month        = dec
}

@INPROCEEDINGS{Vargas:98c,
  author       = {Ernesto Vargas and Marco √Ålvarez and Andr\'e de Carvalho},
  title        = {Multi-Threads Object Oriented Simulator for Ontogenic Neural Networks.},
  booktitle    = {International Conference on Computational Intelligence and Multimedia Applications},
  year         = {1998},
  editor       = {World Scientific},
  pages        = {276--281}
}

@ARTICLE{Verbarg95CTree,
  AUTHOR   = {K. Verbarg},
  TITLE    = {The C-Tree a dinamically balanced index},
  JOURNAL  = {Computing Suppl.},
  YEAR     = {1995},
  volume   = {10},
  _number   = {},
  pages    = {323-340},
  _month    = {},
  _note     = {},
  _abstract = {},
  _keywords = {},
  _source   = {},
  _file     = {}
}

@MASTERSTHESIS{Vesanto:00,
   author      = {Juha Vesanto},
   title       = {Using SOM in Data Mining},
   year        = {2000},
   school      = {Department of Computer Science and Engineering, Helsinki University},
   month       = apr,
   address     = {Helsinki, Finland},
   url         = {http://citeseer.nj.nec.com/vesanto00using.html},
   lastaccess  = {08/01/2004}
}

@MASTERSTHESIS{Vicentini:02:MSc,
  AUTHOR   = {J. F. Vicentini},
  TITLE    = {Indexa√ß√£o e Recupera√ß√£o de Informa√ß√µes utilizando Redes Neurais da Fam√≠lia ART},
  SCHOOL   = {ICMC- University of Sao Paulo},
  YEAR     = {2002},
  _type     = {},
  address  = {S√£o Carlos-SP, Brasil},
  month    = dec,
  _note     = {In Portuguese},
  _abstract = {},
  _keywords = {},
  _source   = {},
  _file     = {}
}

@INPROCEEDINGS{Vicentini:03:LAPTEC,
  AUTHOR       = {J. F. Vicentini and R. A. F. Romero},
  TITLE        = {Utiliza√ß√£o de Redes Neurais da Fam√≠lia ART para Indexa√ß√£o o e Recupera√ß√£o de Informa√ß√µes},
  BOOKTITLE    = {Congress of Logic Applied to Technology (LAPTEC'2003), 4th},
  YEAR         = {2003},
  editor       = {Germano L. Torre and Jair M. Abe and Marcos L. Mucheroni and Paulo E. Cruvinel},
  volume       = {II},
  _number       = {},
  _series       = {},
  pages        = {195--202},
  address      = {Marilia-SP},
  month        = nov,
  _organization = {},
  publisher    = {Pleiade},
  _note         = {In Portuguese},
  _abstract     = {},
  _keywords     = {},
  _file         = {}
}

@ARTICLE{Vidal:86:kNN,
  AUTHOR   = {E. Vidal},
  TITLE    = {An algorithm for finding nearest neighbors in (approximately) constant average time},
  JOURNAL  = {Pattern Recognition Letters},
  YEAR     = {1986},
  volume   = {4},
  _number   = {},
  pages    = {145--157},
  _month    = {},
  _note     = {},
  _abstract = {},
  -keywords = {},
  _source   = {},
  _file     = {}
}

@ARTICLE{Villmann:97,
  author =       {T. Villmann and R. Der and M. Hermann and M. Martinetz},
  title =        {Topology preservation in self-organizing feature maps: Exact definition and measurement},
  journal =      {IEEE Transactions on Neural Networks},
  year =         {1997},
  volume =       {8},
  number =       {1},
  pages =        {256-266},
}

@INPROCEEDINGS{Willshaw:76,
  AUTHOR       = {D.J. Willshaw and C. von der Malsburg},
  TITLE        = {How pattern neural connections can be set up by self-organization},
  BOOKTITLE    = {Royal Society of London},
  YEAR         = {1976},
  editor       = {},
  volume       = {194},
  number       = {},
  series       = {B},
  pages        = {431--445},
  address      = {},
  month        = {},
  organization = {},
  publisher    = {},
  note         = {},
  abstract     = {},
  keywords     = {},
  file         = {}
}

@ARTICLE{Voronoi:07,
  author =       {G. F. Voronoi},
  title =        {Nouvelles applications des param√©tres continus √† la th√©orie des formes quadratiques},
  journal =      {J. Reine Angew, Math},
  year =         {1907},
  number =       {133},
  volume =       {1},
  pages =        {97-178}
}

@ARTICLE{Wactlar:96:Informedia,
  AUTHOR   = {H. D. Wactlar and T. Kanade and M. A. Smith and S. M. Stevens},
  TITLE    = {Intelligent Access to Digital Video: Informedia Project},
  JOURNAL  = {IEEE Computer},
  YEAR     = {1996},
  volume   = {29},
  number   = {5},
  pages    = {46-52},
  month    = may,
  _note     = {},
  _abstract = {},
  _keywords = {},
  _source   = {},
  _file     = {}
}

@ARTICLE{Wactlar:99:Informedia,
  AUTHOR   = {H. D. Wactlar and M. G. Christel and Y. Gong and A. G. Hauptmann},
  TITLE    = {Lessons Learned from Building a Terabyte Digital Video Library},
  JOURNAL  = {IEEE Computer},
  YEAR     = {1999},
  volume   = {32},
  number   = {2},
  pages    = {66-73},
  month    = feb,
  _note     = {},
  _abstract = {},
  _keywords = {},
  _source   = {},
  _file     = {}
}

@ARTICLE{Waibel89TDNN,
  AUTHOR   = {A. Waibel and T. Hanazawa and G. Hinton and K. Shikano and K.L. Lang},
  TITLE    = {Phoneme recognition using time-delay neural networks},
  JOURNAL  = {IEEE Transactions on Acoustics, Speech and Signal Processing},
  YEAR     = {1989},
  volume   = {ASSP-37},
  number   = {},
  pages    = {328--339},
  month    = {},
  note     = {},
  abstract = {},
  keywords = {},
  source   = {},
  file     = {}
}

@INPROCEEDINGS{Waldherr:98,
  author       = {Stefan Waldherr and Sebastian Thrun and Roseli Romero},
  title        = {A Neural-Network Based Approach for Recognition of Pose and Motion Gestures On a Mobile Robot},
  booktitle    = {Brazilian Symposium on Neural Networks, Vth},
  year         = {1998},
  editor       = {{IEEE Computer Press}},
  pages        = {79--84},
  month        = dec
}

@ARTICLE{Wang:2000:MetricMap,
  AUTHOR       = {Jason Tsong-Li Wang and Xiong Wang and King-Ip Lin and Dennis Shasha and Bruce
Shapiro and Kaizhong Zhang},
  TITLE        = {An Index Structure for Data Mining and Clustering},
  JOURNAL      = {Knowledge and Information Systems},
  YEAR         = {2000},
  volume       = {2},
  _number      = {},
  pages        = {161-184},
  month        = may,
  _note        = {},
  _abstract    = {},
  _keywords    = {},
  _source      = {},
  url        = {http://www.cs.njit.edu/~jason/publications/ARTICLES/kais00.pdf},
  lastaccess   = {08/01/2004}
}

@ARTICLE{Waxman:93,
  author   = {A. Waxman and M. Seibert and A. Bernardon and D. Fay},
  title    = {Neural systems for automatic target learning and recognition},
  year     = {1993},
  journal  = {The Licoln Laboratory Journal},
  volume   = {6},
  number   = {1},
  pages    = {77--116}
}

@ARTICLE{Waxman:95,
    author = {A. M. Waxman and M. C. Seibert and A. Gove and D. A. Fay and A. M. Bernardon and C. Lazott and W. R. Steele and R. K. Cunningham},
    title = {Neural Processing of Targets in Visible, Multispectral IR and SAR Imagery},
    year = {1995},
    journal = {Neural Networks},
    volume = {8},
    number = {7-8},
    pages = {1029--1051}
}

@MASTERSTHESIS{Webster:90:LRU,
  AUTHOR   = {R.E. Webster},
  TITLE    = {B+ trees},
  SCHOOL   = {Oklahoma State University},
  YEAR     = {1980},
  _type     = {},
  _address =      "",
  _month =        "",
  _note =         "",
  _abstract =     "",
  _keywords =     "",
  _source =       "",
  _file = F
}

@ARTICLE{Wilson:01,
  author =       {D. Randall Wilson and Tony R. Martinez},
  title =        {The Need for small Learning Rates on Large Problems},
  journal =      {Proceedings. IJCNN '01. International Joint Conference on Neural Networks},
  year =         {2001},
  volume =       {1},
  pages =        {115 -119}
}

@ARTICLE{Wilson:97,
  AUTHOR   = {D. R. Wilson and T. R. Martinez},
  TITLE    = {Improved Heterogeneous Distance Functions},
  JOURNAL  = {Journal of Artificial Intelligence Research},
  YEAR     = {1997},
  volume   = {6},
  _number   = {},
  pages    = {1-34},
  _month    = {},
  _note     = {},
  _abstract = {},
  _keywords = {},
  _source   = {},
  _file     = {}
}

@ARTICLE{Woolsey:42,
   author    = {C. N. Woolsey and E. M. Walzl},
   title     = {Topical projection of Nerve Fibers from Local Regions of the Cochlea to the Cerebral Cortex of the Cat},
   year      = {1942},
   journal   = {Bulletin of Johns Hopkins Hospital},
   volume    = {71},
   pages     = {315--344}
}

@INPROCEEDINGS{Woolsey:58,
  author      = {C. N. Woolsey},
  title       = {Organization of somatic sensory and motor areas of the cerebral cortex},
  booktitle   = {Biological and biochemical bases of behaviour},
  year        = {1958},
  publisher   = {University Wisconsin Press},
  editor      = {Harlow and Woolsey},
  address     = {Madison},
  pages       = {63--81},
}

@MISC{Yamakawa:DB-Of-SOM-Based-Articles,
  author       = {Takeshi Yamakawa},
  title        = {Database of Self-Organizing Maps Papers},
  YEAR         = {2003},
  url          = {http://www.brain.kyutech.ac.jp/$\sim$yamakawa/},
  lastaccess   = {14/sep/2003},
  _month       = {},
  note         = {},
  _abstract    = {},
  _keywords    = {},
  _source      = {},
  file         = {CD}
}

@TECHREPORT{Yang:98,
  AUTHOR      = {Jihoo Yang and Vasant Honavar},
  TITLE       = {Experiments with the Cascade Correlation Algorithm},
  INSTITUTION = {Department of Computer Science, Iowa State University},
  YEAR        = {1998},
  _type        = {},
  _number      = {},
  _address     = {},
  _month       = {},
  url        = {http://www.cs.iastate.edu/$\sim$honavar/aigroup.html},
  lastaccess   = {08/01/2004},
  _abstract    = {},
  _keywords    = {},
  _source      = {},
  _file        = {}
}

@ARTICLE{Yianilos:93,
  author =       {Peter N. Yianilos},
  title =        {Data Structures and Algorithms for Nearest Neighbor Search in General Metric Spaces},
  journal =      {4th ACM SIAM Symposium on Discrete Algorithms (SODA'93)},
  year =         {1993},
  pages =        {311-321},
  note =         {Austin}
}

@TECHREPORT{Yianilos98VPF,
  AUTHOR      = {Peter N. Yianilos},
  TITLE       = {Excluded Middle Vantage Point Forests for Nearest Neighbor Search},
  INSTITUTION = {NEC Research Institute},
  YEAR        = {1998},
  _type        = {},
  _number      = {},
  address     = {Princeton},
  month       = jul,
  _note        = {},
  abstract    = {},
  keywords    = {},
  source      = {},
  file        = {}
}

@INPROCEEDINGS{Yianilos:99,
  AUTHOR       = {Peter N. Yianilos},
  TITLE        = {Excluded middle vantage point forest for nearest neighbor search},
  BOOKTITLE    = {{DIMACS} Implementation Challenge (ALENEX'99)},
  YEAR         = {1999},
  _editor       = {},
  _volume       = {},
  _number       = {},
  _series       = {},
  _pages        = {},
  address      = {Baltimore, MD},
  _month        = {},
  _organization = {},
  _publisher    = {},
  _note         = {},
  _abstract     = {},
  _keywords     = {},
  _file         = {}
}

@INPROCEEDINGS{yianilos00locally,
  AUTHOR       = {Peter N. Yianilos},
  TITLE        = {Locally lifting the curse of dimensionality for nearest neighbor search},
  BOOKTITLE    = {ACM-SIAM Symposium on Discrete Algorithms (SODA'00), 11th},
  YEAR         = {2000},
  editor       = {},
  volume       = {},
  number       = {},
  series       = {},
  pages        = {361--370},
  address      = {},
  month        = {},
  organization = {},
  publisher    = {},
  note         = {},
  abstract     = {},
  keywords     = {},
  file         = {}
}

@ARTICLE{Young:98,
  author       = {Steven Young and Tom Downs},
  title        = {CARVE - A Constructive algorithm for Real-Valued Examples},
  year         = {1998},
  journal      = {IEEE Transactions on Neural Networks},
  volume       = {9},
  number       = {6},
  pages        = {1180--1190},
  month        = nov
}

@TECHREPORT{Zell:95,
  AUTHOR      = {A. Zell},
  TITLE       = {SNNS- Stuttgart Neural Network Simulator User Manual Version 4.1},
  INSTITUTION = {University of Stuttgart},
  YEAR        = {1995},
  _type        = {},
  number      = {6},
  _address     = {},
  _month       = {},
  _note        = {},
  _abstract    = {},
  _keywords    = {},
  _source      = {},
  _file        = {}
}

@techreport{ZCR96,
 author = "Pavel Zezula and Paolo Ciaccia and Fausto Rabitti",
 title = "M-Tree: A Dynamic Index for Similarity Queries in Multimedia Databases",
 institution = "HERMES ESPRIT LTR Project",
 type = "Technical Report",
 number = "7",
 year = 1996,
 url = "http://www.ced.tuc.gr/hermes/",
 lastaccess   = {08/01/2004}
}

@article{ZSA+98,
 author = "Pavel Zezula and Pasquale Savino and Giuseppe Amato and and Fausto Rabitti",
 title = "Approximate Similarity Retrieval with M-Trees",
 journal = "The VLDB Journal",
 year = 1998,
 volume = 7,
 number = 4,
 pages = "275--293",
 editor = "M. Tamer {\"{O}zsu and Stavros Christodoulakis",
 publisher = "Springer Verlag"}

@inproceedings{ZSR+98,
 author = {Pavel Zezula and Pasquale Savino and Fausto Rabitti and Giuseppe Amato and Paolo Ciaccia},
 title = {Processing M-Trees with Parallel Resources},
 booktitle = {International Workshop on Research Issues in Data Engineering ({RIDE'98}), 8th},
 address = {Orlando, FL},
 pages = {147--154},
 year = {1998},
 month = feb
}

@TechReport{CIPInforme2006,
author = {Jos√© Valdez and Arturo Simich L√≥pez and Guillermo Pacheco and Ludvik Medic and Nelly Huarcaya Junes and Abraham D√°vila and Ernesto Cuadros-Vargas},
title = {Denominaciones y Perfiles de las carreras de Ingenier√≠a de Sistemas, Computaci√≥n e Inform√°tica},
institution = {Colegio de Ingenieros del Per√∫},
year = {2006},
OPTkey = {},
OPTtype = {},
OPTnumber = {},
OPTaddress = {},
month = {Junio},
OPTnote = {},
OPTannote = {}
}

@Book{Bloom56Taxonomy,
 title = {Taxonomy of educational objectives: The classification of educational goals},
 publisher = {Committee of college and university examiners},
 year         = {1956},
 author       = {Benjamin S. Bloom and David R. Krathwohl},
 ALTALTeditor = {},
 OPTkey       = {},
 OPTvolume    = {},
 OPTnumber    = {},
 OPTseries    = {},
 address      = {New York, Longmans},
 OPTedition   = {},
 OPTmonth     = {},
 note         = {Handbook 1: Cognitive domain},
 OPTannote = {},
 OPTurl = {},
 OPTdoi = {},
 OPTissn = {},
 OPTlocalfile = {},
 OPTabstracts = {},
}

@Book{Anderson2001Bloom,
 title = {A taxonomy for learning, teaching and assessing: A revision of Bloom's Taxonomy of educational objectives},
 publisher = {},
 year = {2001},
 ALTALTauthor = {},
 editor     = {L. W. Anderson and D. R. Krathwohl},
 OPTkey     = {},
 OPTvolume  = {},
 OPTnumber  = {},
 OPTseries  = {},
 address    = {New York : Longman},
 edition    = {Complete edition},
 OPTmonth = {},
 OPTnote = {},
 OPTannote = {},
 OPTurl = {},
 OPTdoi = {},
 OPTissn = {},
 OPTlocalfile = {},
 OPTabstracts = {},
}


\end{thebibliography}

%%%%%   Fim
