\begin{thebibliography}{}

@book{Cassany98,
  title={La cocina de la Escritura},
  author={D,Cassany.},
  year={1998},
  publisher={Barcelona,España,Anagrama}
}

@book{Cassany08,
  title={Prácticas letradas contemporáneas},
  author={D,Cassany.},
  year={2008},
  publisher={DF,México,Ríos de tinta}
}

@book{Cassany09,
  title={Para ser letrados .Voces y miradas sobre la lectura },
  author={D,Cassany.},
  year={1998},
  publisher={Barcelona,España,Paidós}
}


@book{Cordova09,
  title={Universidad y diversidad :Prácticas argumentativas y participación},
  author={P,Cordova.},
  year={2009},
  publisher={Lima,UPC}
}


@book{Diaz02,
  title={La argumentación escrita},
  author={A,Díaz.},
  year={2002},
  publisher={Medellin,Universidad de Antioquía}
}

@book{Serafini96,
  title={Cómo se escribe},
  author={M,T,Serafani.},
  year={1996},
  publisher={Barcelona,Paidós}
}

@book{Serafini95,
  title={Como redactar un tema},
  author={M,T,Serafani.},
  year={1995},
  publisher={Barcelona ,Paidós}
}

@book{Toulmin07,
  title={Los usos de la Argumentación},
  author={S,Toulmin.},
  year={2007},
  publisher={Barcelona ,Península}
}


\end{thebibliography}
