\begin{thebibliography}{}


@book{Gregory02,
  title={Principios de Economía},
  author={N,Gregory.},
  year={2002},
  publisher={Mc Graw Hill},
}

@Book{Gregorio12,
 title = {Macroeconomía. Teoría y Políticas},
 year = {2012},
 author = {José,De Gregorio.},
 url = {http://www.degregorio.cl/pdf/Macroeconomia.pdf},
 publisher={Pearson Educación},
}



\end{thebibliography}
