
@Book{Arias2009,
  Title                    = {El aporte de la DSI a la gestión de la microfinanzas},
  Author                   = {Arias Padilla, Diego},
  Year                     = {2009},
  Owner                    = {user1},
  Timestamp                = {2014.11.26}
}

@Book{Benedicto2009,
  Title                    = {Caritas in veritate},
  Author                   = {Benedicto, XVI},
  Publisher                = {Paulinas},
  Year                     = {2009},

  Owner                    = {user1},
  Timestamp                = {2014.11.26}
}

@Book{Benedicto2006,
  Title                    = {Encíclica Deus caritas est},
  Author                   = {Benedicto, XVI},
  Publisher                = {Conferencia Episcopal Peruana - Paulinas},
  Year                     = {2006},

  Owner                    = {user1},
  Timestamp                = {2014.11.26}
}

@Book{II2002,
  Title                    = {Gaudium et spes : Constitución Pastoral sobre la Iglesia en el mundo actual},
  Author                   = {Concilio Vaticano II},
  Publisher                = {Paulinas},
  Year                     = {2002},

  Owner                    = {user1},
  Timestamp                = {2014.11.26}
}

@Book{II2003,
  Title                    = {Centesimus annus},
  Author                   = {Juan Pablo II},
  Publisher                = {Conferencia Episcopal Peruana},
  Year                     = {2003},

  Owner                    = {user1},
  Timestamp                = {2014.11.26}
}

@Book{Centro2011,
  Title                    = {Boletín de Doctrina Social de la Iglesia},
  Author                   = {Centro de Pensamiento Social Católico},
  Publisher                = {Universidad Cátolica San Pablo},
  Year                     = {2011},

  Owner                    = {user1},
  Timestamp                = {2014.11.26}
}

@Book{Centro2010,
  Title                    = {Boletín de Doctrina Social de la Iglesia},
  Author                   = {Centro de Pensamiento Social Católico},
  Publisher                = {Universidad Cátolica San Pablo},
  Year                     = {2010},

  Owner                    = {user1},
  Timestamp                = {2014.11.26}
}

@Book{Peruana2005,
  Title                    = {Compendio de la Doctrina Social de la Iglesia},
  Author                   = {Conferencia Episcopal Peruana},
  Publisher                = {Epiconsa},
  Year                     = {2005},
  Edition                  = {1a. ed},

  Owner                    = {user1},
  Timestamp                = {2014.11.26}
}

