\begin{thebibliography}{}


@book{Press82,
  title={Léxico del quechua de Pacaraos},
  author={Ridder,Press.},
  year={1982},
  publisher={Lima: Centro de Investigación de Lingüística Aplicada - Universidad Nacional Mayor de San Marcos },
}
@book{Cerron76,
  title={Gramática quechua junín-huanca},
  author={Rodolfo,Cerrón.},
  year={1976},
  publisher={Lima: Ministerio de Educación-Instituto de Estudios Peruanos},
}




\end{thebibliography}
