@Book{Anton,
author = {H. Anton and C. Rorres},
ALTeditor = {},
title = {Elementary Linear Algebra, Applications Version},
publisher = {Wiley},
year = {2014},
OPTkey = {},
OPTvolume = {},
OPTnumber = {},
OPTseries = {},
OPTaddress = {},
edition = {11th},
OPTmonth = {},
OPTnote = {},
OPTannote = {}
}

@Book{Chapra,
author = {S.C. Chapra and R.P. Canale},
ALTeditor = {},
title = {Numerical Methods for Engineers,},
publisher = {McGraw-Hill},
year = {12015},
OPTkey = {},
volume = {1},
OPTnumber = {},
OPTseries = {},
OPTaddress = {},
edition = {7th},
OPTmonth = {},
OPTnote = {},
OPTannote = {}
}

