\begin{thebibliography}{}

@Book{Foley90,
  author    = "J. Foley and A. van Dam",
  publisher = "Addison-Wesley",
  title     = "Computer Graphics: Principles and Practice",
  year      = "1990"
}

@Book{HearnAndBaker94,
  author    = "D Hearn and M P Baker",
  year      = "1994",
  keywords  = "GRAPHICS",
  title     = "Computer Graphics in C",
  publisher = "Prentice Hall"
}

@Book{DS4GameProgrammers,
 title = {Data Structures for Game Programmers},
 publisher = {Muska \& Lipman/Premier-Trade},
 year = {2002},
 author = {Ron Penton},
 ALTALTeditor = {},
 OPTkey = {},
 OPTvolume = {},
 OPTnumber = {},
 OPTseries = {},
 OPTaddress = {},
 edition = {1st},
 month = {November},
 note = {Premier Press Game Development},
 annote = {ISBN-10: 1931841942},
 OPTurl = {},
 OPTdoi = {},
 OPTissn = {},
 OPTlocalfile = {},
 OPTabstracts = {},
}


@Book{C4programmers2006,
 title = {C++ For Game Programmers},
 publisher = {Charles River Media},
 year = {2006},
 author = {Noel Llopis},
 ALTALTeditor = {},
 OPTkey = {},
 OPTvolume = {},
 OPTnumber = {},
 OPTseries = {},
 OPTaddress = {},
 edition = {2 edition},
 month = {October},
 OPTnote = {},
 OPTannote = {},
 OPTurl = {},
 OPTdoi = {},
 OPTissn = {},
 OPTlocalfile = {},
 OPTabstracts = {},
}

@Book{DSAndAlgortihms4Games,
 title = {Data Structures and Algorithms for Game Developers},
 publisher = {Charles River Media},
 year = {2007},
 author = {Allen Sherrod},
 ALTALTeditor = {},
 OPTkey = {},
 OPTvolume = {},
 OPTnumber = {},
 OPTseries = {},
 OPTaddress = {},
 edition = {1 edition},
 month = {May},
 OPTnote = {},
 OPTannote = {},
 OPTurl = {},
 OPTdoi = {},
 OPTissn = {},
 OPTlocalfile = {},
 OPTabstracts = {},
}

@Book{Baecker2000HCI,
author = {R. Baecker and W. Buxton and J. Grudin},
ALTeditor = {},
title = {Readings in Human-Computer Interaction: Toward the Year 2000},
publisher = {Morgan Kaufmann},
year = {2000},
OPTkey = {},
OPTvolume = {},
OPTnumber = {},
series = {The Morgan Kaufmann Series in Interactive Technologies},
OPTaddress = {},
edition = {2nd Edition},
OPTmonth = {},
OPTnote = {},
OPTannote = {}
}

\end{thebibliography}
