\begin{thebibliography}{}

@InCollection{Baugh92,
author = {John W. Baugh Jr. },
title = {Formal Specification of Engineering Analysis Programs},
BookTitle = {Expert Systems for Numerical Computing},
editor = {Houstis, E. N. and Rice, J. R and Vichnevetsky, R.},
publisher = {North-Holland},
year = {1992}
}

@Book{Hinchey96,
author = {Michael Hinchey and C Neville Dean},
title = {Teaching and Learning Formal Methods},
publisher = {Morgan Kaufmann},
year = {1996},
month = {September}
}

@InProceedings{Guttag91,
author = {John V. Guttag  and James J. Horning},
title = {A Tutorial on {L}arch and {LCL}, a {Larch/C} Interface Language},
BookTitle = {VDM91: Formal Software Development Methods},
address = {Delft},
publisher = {Springer-Verlag Lecture Notes in Computer Science~551},
editor = {Prehn, S. and Toetenel, W. J.},
month = {October},
year = {1991}
}

@Book{Jacky96,
author = {Jonathan Jacky},
title = {The Way of Z: Practical Programming with Formal Methods},
publisher = {Cambridge University Press},
year = {1996},
month = {November}
}

\end{thebibliography}

%%%%%   Fim

