\begin{thebibliography}{}

@Book{Pasantia,
 title = {Competencias Laborales},
 publisher = {Boletin de la Red Latinoamericana de Educación y Trabajo},
 year = {1995},
author = {M. A. Gallart and C.G. Jacinto},
 OPTkey = {},
 OPTvolume = {},
 number = {2},
 OPTseries = {},
 address = {Buenos Aires},
 OPTedition = {},
 OPTmonth = {},
 OPTnote = {},
 OPTannote = {},
 OPTurl = {},
 OPTdoi = {},
 OPTissn = {},
 OPTlocalfile = {},
 OPTabstracts = {},
}

\end{thebibliography}