\begin{thebibliography}{}
@Book{USGP,
  author = "Universidad San Gregorio de Portoviejo",
  title =  "Manual de Informática",
  publisher = "Universidad San Gregorio de Portoviejo",
  year =   "2010"
}


@Book{Chavez2003HistoriaDoctrinas,
author    = {Pedro Chávez},
ALTeditor = {},
title     = {Historia de las doctrinas filosóficas},
publisher = {Pearson Educación de México},
year      = {2003},
OPTkey    = {},
OPTvolume = {},
OPTnumber = {},
OPTseries = {},
OPTaddress = {},
OPTedition = {},
OPTmonth  = {},
OPTnote   = {},
OPTannote = {},
OPTurl    = {},
OPTdoi    = {},
OPTissn   = {},
OPTlocalfile= {},
OPTabstract= {}
}

\end{thebibliography}
