% Responsable   :
% Bibbliografía : Antropología Cultural
% Versión       : 1
\begin{thebibliography}{}

@BOOK{Herskovitz84,
  AUTHOR =       "M. Herskovitz",
  TITLE =        "El Hombre y sus obras",
  PUBLISHER =    "Fondo de cultura Económico Mexico",
  YEAR =         "1984",
  ISBN =	     "",
}

@BOOK{Nanda82,
  AUTHOR =       "Serena Nanda",
  TITLE =        "Antropología Cultural",
  PUBLISHER =    "Editora Tipográfica. Mexico",
  YEAR =         "1982",
  ISBN =	     "",
}

@BOOK{Marvin97,
  AUTHOR =       "Harris Marvin",
  TITLE =        "El Desarrollo de la Cultura Antropológica",
  PUBLISHER =    "Editorial Siglo XXI",
  YEAR =         "1997",
  ISBN =	     "",
}



\end{thebibliography}