\begin{thebibliography}{}

@Book{Schmidi,
author    = {Eduardo Schmidi},
title     = {Ética y negocios para América Latina},
publisher = {Universidad del Pacífico},
address   = {Lima-Perú},
year      = {2006},
edition   = {3ra Edición},
note      = {UCSP:174.4 S29},
}

@Book{Hernandez2006,
author    = {Alberto Hernández-Baqueiro},
title     = {Ética actual y profesional. Lecturas para la convivencia global en el siglo XXI},
publisher = {International Thomson Editores, S.A.},
year      = {2006},
address   = {México},
note      = {UCSP:174.4 H44},
}

@Book{Bilbao2006,
author    = {Galo Bilbao and Javier Fuertes and José Ma. Guibert},
title     = {Ética para ingenieros},
publisher = {Desclée De Brouwer},
year      = {2006},
note       = {UCSP:174.962 B55},
}

@Book{Foley2002,
author    = {John P. Foley and Pierfranco Pastore},
title     = {Ética en Internet},
publisher = {Pontificio Consejo para las Comunicaciones Sociales},
year      = {2002},
}

@Book{IEEE2010CodeOfEthics,
author    = {IEEE},
title     = {IEEE Code of Ethics},
publisher = {IEEE},
year      = {2013},
note      = {http://www.ieee.org/about/ethics\_code/index.html},
}

\end{thebibliography}