@Manual{NotasLiderazgo2006,
title        = {Liderazgo},
OPTkey       = {},
author       = {Centro~Liderazgo~para~el~Desarrollo~UCSP},
organization = {Universidad Católica San Pablo},
OPTaddress   = {},
OPTedition   = {},
OPTmonth     = {},
year         = {2006},
OPTnote      = {},
OPTannote    = {}
}

@Book{TheodorHaecker,
author     = {Theodor Haecker},
ALTeditor  = {},
title      = {?`Qué es el Hombre?},
publisher  = {Guadarrama},
year       = {1947},
OPTkey     = {},
OPTvolume  = {},
OPTnumber  = {},
OPTseries  = {},
OPTaddress = {},
OPTedition = {},
OPTmonth   = {},
OPTnote    = {},
OPTannote  = {}
}

@Book{Guardini1992,
author = {Romano Guardini},
ALTeditor = {},
title = {La Aceptación de Sí Mismo, Las Edades de la Vida},
publisher = {Lumen, Buenos Aires},
year = {1992},
OPTkey = {},
OPTvolume = {},
OPTnumber = {},
OPTseries = {},
OPTaddress = {},
OPTedition = {},
OPTmonth = {},
OPTnote = {},
OPTannote = {}
}

@Book{Hesselbein1999,
author    = {Frances Hesselbein},
ALTeditor = {},
title     = {Leading Beyond the Walls},
publisher = {Jossey Bass Publishers},
year      = {1999},
OPTkey    = {},
OPTvolume = {},
OPTnumber = {},
OPTseries = {},
OPTaddress= {},
OPTedition= {},
OPTmonth  = {},
note      = {The Drucker Foundation},
OPTannote = {}
}