\begin{thebibliography}{}

@Book{ferre97,
  author =       "JosÃÂ© Ferre",
  title =        "InvestigaciÃÂ³n de Mercados EstratÃÂ©gica",
  publisher =    "Gestion 2000",
  year =         "1997",
}
@Book{cide04,
  author =       {{Centro de InvestigaciÃÂ³n y Desarrollo - PUCP}},
  title =        "Plan de Negocio en TecnologÃÂ­as de InformaciÃÂ³n y ComunicaciÃÂ³n",
  publisher =    "Pontificia Universidad CatÃÂ³lica del PerÃÂº",
  year =         "2004",
}
@Book{porter98,
  author =       "Michael Porter",
  title =        "Ventaja Competitiva CreaciÃÂ³n y Sostenimiento de un desempeÃÂ±o superior",
  publisher =    "CompaÃÂ±ia editorial Continental",
  year =         "1998",
}
@Book{ludevid94,
  author =       "Manuel Ludevid",
  title =        "Como crear su propia empresa: Factores Claves de GestiÃÂ³n",
  publisher =    "Marcombo Boixareu",
  year =         "1994",
}
@Book{congreso96,
  author =       {{Congreso de la Republica del PerÃÂº}},
  title =        "Decreto Legislativo NÃÂº823. Ley de la Propiedad Industrial",
  publisher =    "El Peruano",
  year =         "1996",
}
@Book{congreso97,
  author =       "Congreso de la Republica del Peru",
  title =        "Ley NÃÂº26887. Ley General de Sociedades",
  publisher =    "El Peruano",
  year =         "1997",
}

@book{ries11,
    author = "Eric Ries",
    title = "The Lean Startup: How Today's Entrepreneurs Use Continuous Innovation to Create Radically Successful Businesses",
    publisher= "Crown Business",
    year = "2011"
}

@book{byers10,
    author = "Thomas Byers and Richard Dorf and Andrew Nelson",
    title = "Technology Ventures: From Idea to Enterprise",
    publisher= "McGraw-Hill Science",
    year = "2010"
}


@book{osterwalder10,
    author = "Alexander Osterwalder and Yves Pigneur",
    title = "Business Model Generation: A Handbook for Visionaries, Game Changers, and Challengers",
    publisher= "Wiley",
    year = "2010"
}

@book{blank12,
    author = "Steve Blank and Bob Dorf",
    title = "The Startup Owner's Manual: The Step-By-Step Guide for Building a Great Company",
    publisher= "K and S Ranch",
    year = "2012"
}

\end{thebibliography}
