@Book{pmbo08,
  author =       "Project Management Institute",
  title =        "PMBOK Guide, 4th Edition",
  publisher =    "Project Management Institute",
  year =         "2008",
}
@Book{pmep09,
  author =       "Rita Mulcahy, PMP",
  title =        "PMP Exam Prep - 6th Edition",
  publisher =    "RMC Publications",
  year =         "2009",
}
