@Book{blank06,
  author =       "Leland Blank and Anthony Tarkin",
  title =        "IngenierÃÂ­a EconÃÂ³mica",
  publisher =    "McGraw Hill, MÃÂ©xico D.F., MÃÂ©xico",
  year =         "2006",
}
@Book{kotler06,
  author =       "Philip Kotler and Kevin L. Keller",
  title =        "DirecciÃÂ³n de Marketing",
  publisher =    "Prentice Hall, MÃÂ©xico",
  year =         "2006",
}
@Book{love09,
  author    = "Christopher Lovelock and Jochen Wirtz",
  title     = "Marketing de servicios. Personal, tecnologÃÂ­a y estratÃÂ©gia",
  publisher = "Prentice Hall, MÃÂ©xico",
  year      = "2009"
}
@Book{fish96,
  author =       "Roger Fisher and William Ury and Bruce Patton",
  title =        "Si... ÃÂ¡de acuerdo! CÃÂ³mo negociar sin ceder",
  publisher =    "Norma, Barcelona",
  year =         "1996",
}
@Book{dasi06,
  author =       "Fernando de Manuel DasÃÂ­ and Rafael MartÃÂ­nez-Vilanova MartÃÂ­nez",
  title =        "TÃÂ©cnicas de NegociaciÃÂ³n. Un mÃÂ©todo prÃÂ¡ctico",
  publisher =    "Esic, Madrid",
  year =         "2006",
}
