 
@Book{Aopland,
  author = "Aaron Aopland",
  title =  "Como escuchar la música",
  publisher = "Fondo de cultura económica",
  year =   "1999"
}

@Book{Hamel,
  author = "Hamel Fred; Hürlimann",
  title =  "Encicopedia de la Música",
  publisher = "Ediciones Grijalbo",
  year =   "1984"
}
 
@Book{Aretz,
  author = "Aretz Isabel",
  title =  "Sintesis de la etnomusica en America Latina",
  publisher = "Monte Avila"
}

@Book{Carpio,
  author = "Carpio Muñoz Juan",
  title =  "Arequipa, Música y pueblo",
  publisher = "Editorial Carig",
  year =   "1984"
}
 
@Book{Bellenger,
  author = "Bellenger Xavier",
  title =  "El espacio musical andino",
  publisher = "Instituto Francés de Estudios Andinos",
  year =   "2007"
}
 
@Book{Lovon,
  author = "Jorge {Lovón Caparó}",
  title =  "Orfeo",
  publisher = "Arequipa",
  year =   "1998"
}

@Book{Donald,
  author = "Donald J. Grout; Claude V. Palisca",
  title =  "Historia de la música occidental",
  publisher = "Alianza editorial",
  year =   "2006"
}

@Book{Salvat,
  author = "{Salvat editores}",
  title =  "Los grandes compositores",
  publisher = "Salvat",
  year =   "1989"
}
@Book{Vives,
  author = "Vicens Vives",
  title =  "Historia del arte",
  publisher = "España",
  year =   "1996"
}

@Misc{Penaloza2009,
OPTkey = {},
author = {Josué Peñaloza},
title = {Siglo {XXI}: hombre, arte, música y tecnología},
howpublished = {http://musicayfilosofia.blogspot.com/},
OPTmonth = {},
year = {2009},
note = {Última visita Marzo de 2009},
OPTannote = {Tijuana -- México},
url = {},
OPTdoi = {},
OPTissn = {},
OPTlocalfile = {},
OPTabstract = {}
}

.  .

@InBook{Suarez2005Camino,
author = {Rubén Dario Suarez},
ALTeditor = {},
title = {Cultura y Transformación Social},
chapter = {Camino al paraíso: La experiencia de La Chiquitanía},
publisher = {Viva Trust},
year = {2005},
OPTkey = {},
OPTvolume = {},
OPTnumber = {},
OPTseries = {},
OPTtype = {},
OPTaddress = {},
edition = {Primera edición},
OPTmonth = {},
pages = {10-15},
OPTnote = {},
OPTannote = {},
url = {www.avina.net},
OPTdoi = {},
OPTissn = {},
OPTlocalfile = {},
OPTabstract = {}
}


      

@InBook{Schwanitz2002,
author = {Dietrich Schwanitz},
ALTeditor = {},
title = {La Cultura},
chapter = {Cap. IV Historia de la Música},
publisher = {Editorial Taurus},
year = {2002},
OPTkey = {},
OPTvolume = {},
OPTnumber = {},
OPTseries = {},
OPTtype = {},
OPTaddress = {},
edition = {Tercera Edición},
OPTmonth = {},
pages = {303--326},
note = {Impreso en Argentina},
OPTannote = {},
OPTurl = {},
OPTdoi = {},
OPTissn = {},
OPTlocalfile = {},
OPTabstract = {}
}



