\begin{thebibliography}{}

@book{Robbins05,
  title={Comportamiento Organizacional},
  author={Stephen,Robbins.},
  year={2005},
  edition = {Décima Edición},
  publisher = {Pearson Pentice Hall},
}
@book{Gomez09,
  title={Cómo te vendes te contratan},
  author={Jorge, Gomez.},
  year={2009},
  publisher = {México,Mc Graw Hill},
}

@book{Bolles15,
  title={What color is your parachute?},
  author={Richard,Bolles.},
  year={2015},
  publisher = {New York, Ten Speed Press - Random House Company},
}


\end{thebibliography}
