\begin{thebibliography}{}

@book{Fitzpatrick13,
  title={The Mom Test: How to talk to customers \& learn if your business is a good idea when everyone is lying to you},
  author={R,Fitzpatrick1.},
  year={2013},
  publisher = {.},
}

@book{Osterwalder10,
  title={Business Model Generation},
  author={A,Osterwalder. and Y,Pigneur.},
  year={2010},
  publisher = {.},
}

@book{Osterwalder14,
  title={Value Preposition Desing:How to create products and services customers want},
  author={A,Osterwalder. and Y,Pigneur.},
  year={2014},
  publisher = {.},
}

@book{Maurya12,
  title={Running lean:Iterate from plan A to plan that works},
  author={A,Maurya.},
  year={2012},
  publisher={Sebastopol},
}


\end{thebibliography}
