\begin{thebibliography}{}

@book{Caravedo11,
  title={¿Qué tipo de liderazgo necesita el Perú?},
  author={Baltazar,Caravedo},
  year={2011},
  publisher = {Lima:Universidad del Pacífico},
}

@book{Robbins04,
  title={Comportamiento Organizacional},
  author={Stephen,Robbins.},
  year={2004},
  publisher = {México,Pearson Educación},
}
@book{Kotter99,
  title={La verdadera labor de un líder},
  author={John,Kotter},
  year={1999},
  publisher = {Colombia,Editorial Norma},
}

\end{thebibliography}
