\begin{thebibliography}{}

% BiBTeX data base
%---------------------------------------------------------------------------------------
%% bibtextfile{
%%  author     = "Roger Maquito Gutiérrez",
%%  version    = "1.0",
%%  date       = "Diciembre, 29 2005",
%%  address    = "UCSP",
%%  email      = rmaquito AT gmail.com
%% }
%---------------------------------------------------------------------------------------

@Book{Simmons95,
author = {George F. Simmons},
ALTeditor = {},
title = {Calculus With Analytic Geometry},
publisher = {McGraw-Hill },
year = {1995},
OPTkey = {},
OPTvolume = {},
OPTnumber = {},
OPTseries = {},
OPTaddress = {},
edition = {2rd},
month = {October},
OPTnote = {},
OPTannote = {}
}

@Book{Apostol97,
author = {Tom M. Apostol},
ALTeditor = {},
title = {Calculus},
publisher = {Editorial Reverté},
year = {1997},
OPTkey = {},
volume = {1},
OPTnumber = {},
OPTseries = {},
OPTaddress = {},
edition = {2rd},
OPTmonth = {},
OPTnote = {},
OPTannote = {}
}

@Book{Avila93,
author = {Geraldo Ávila},
ALTeditor = {},
title = {Introducao a analise matemática },
publisher = {Editora Edgard Blucher LTda},
year = {1993},
OPTkey = {},
OPTvolume = {},
OPTnumber = {},
series = {},
OPTaddress = {},
OPTedition = {},
OPTmonth = {},
OPTnote = {},
OPTannote = {}
}

@Book{Bartle99,
author = {Robert G. Bartle and Donald R. Sherbert},
ALTeditor = {},
title = {Introduction to Real Analysis },
publisher = {Wiley},
year = {1999},
OPTkey = {},
OPTvolume = {},
OPTnumber = {},
series = {},
OPTaddress = {},
OPTedition = {3rd},
OPTmonth = {September},
OPTnote = {},
OPTannote = {}
}

\end{thebibliography}

%%%%%   Fim

