@Book{Maurya12,
  author    = {A,Maurya.},
  title     = {Running lean: Iterate from plan A to a plan that works},
  publisher = {Sebastopol},
  year      = {2012},
}
@book{Ries92,
  title={Posicionamiento},
  author={Al,Ries. and Jack,Trout.},
  year={1992},
  publisher = {Mexico ,McGrawHill.},
}

@book{Kotler03,
  title={Marketing Lateral},
  author={P,Kotler. and F,Trias de Bes.},
  year={2003},
  publisher = {Madrid,Person Prentice Hill.},
}