\begin{thebibliography}{}


@Book{Danto99,
 title = {Después del fin del arte (Traducción de Elena Neerman)},
 year = {1999},
 author = {Arthur,Danto.},
 publisher={Barcelona,Paidós},

}
@Book{Abuggatas05,
 title = {Investigaciones filosóficas sobre nuestro futuro},
 year = {2005},
 author = {Juan,Abuggatás.},
 publisher={Lima:Universidad Nacional Mayor de San Marcos/UNESCO},

}

@Book{Zygmunt99,
 title = {Modernidad líquida},
 year = {1999},
 author = {Bauman,Zygmunt.},
 publisher={Buenos Aires. Fondo de Cultura Económica.},

}


\end{thebibliography}
