\begin{thebibliography}{}

@book{Garcia06,
  title={Ética o Filosofía moral},
  author={Alonso,Garcia.},
  year={2006},
  publisher = {México,Editorial Trillas},
}

@book{Alvarado05,
  title={Ética},
  author={Martín,Alvarado.},
  year={2005},
  publisher = {México,Editorial Trillas},
}

@book{Osterwalder14,
  title={Value Preposition Desing:How to create products and services customers want},
  author={A,Osterwalder. and Y,Pigneur.},
  year={2014},
  publisher = {.},
}

@book{ARISTOTELES85,
  title={Ética nicomáquea y ética eudemia},
  author={ARISTÓTELES.},
  year={1985},
  publisher={Madrid,Editorial Gredos,S.A.},
}


\end{thebibliography}
