% Responsable   :
% Bibbliografía : Técnicas de Investigación
% Versión       : 1
\begin{thebibliography}{}

@BOOK{Aguilar92,
  AUTHOR =       "Ruth Aguilar Feijoo",
  TITLE =        "Metodología de la Investigación",
  PUBLISHER =    "Loja",
  YEAR =         "1992",
  ISBN =	     "",
}

@BOOK{Gutierrez88,
  AUTHOR =       "Abraham Gutiérrez",
  TITLE =        "Métodos y Técnicas de Investigación",
  PUBLISHER =    "Editorial Nuestra América Quito-Ecuador",
  YEAR =         "1988",
  ISBN =	     "",
}

@Book{Arias99,
author     = {E. Arias},
ALTeditor  = {},
title      = {El Proyecto de investigación: Guía para su elaboración},
publisher  = {Editorial Episteme},
year       = {1999},
OPTkey     = {},
OPTvolume  = {},
OPTnumber  = {},
OPTseries  = {},
OPTaddress = {},
edition    = {3ra},
OPTmonth   = {},
note       = {Revisión por Carlos Sabino y Jesús Reyes Caracas},
OPTannote  = {},
OPTurl     = {},
OPTdoi     = {},
OPTissn    = {},
OPTlocalfile = {},
OPTabstract = {}
}

@BOOK{Pardinas94,
  AUTHOR =       "Felipe Pardinas",
  TITLE =        "Metodología y Técnica de Investigación en Ciencias Sociales",
  PUBLISHER =    "México",
  YEAR =         "1994",
  ISBN =	     "",
}

\end{thebibliography}