@Book{Quijano92,
author    = {Anibal Quijano},
ALTeditor = {},
title     = {Identidad y nación en el Perú},
publisher = {Editorial Sur},
year      = {1992},
OPTkey    = {},
OPTvolume = {},
OPTnumber = {},
OPTseries = {},
OPTaddress= {},
OPTedition= {},
OPTmonth  = {},
OPTnote   = {},
OPTannote = {}
}
@Book{Mariategui91,
author    = {José Carlos Mariátegui},
ALTeditor = {},
title     = {Siete ensayos de interpretación de la realidad peruana},
publisher = {Editorial Amauta},
year      = {1991},
OPTkey    = {},
OPTvolume = {},
OPTnumber = {},
OPTseries = {},
OPTaddress= {},
OPTedition= {},
OPTmonth  = {},
OPTnote   = {},
OPTannote = {}
}
@Book{Marticona93,
author    = {Miguel Marticona Estrada},
ALTeditor = {},
title     = {La idea de la nación en el Perú},
publisher = {Edición Sequilao},
year      = {1993},
OPTkey    = {},
OPTvolume = {},
OPTnumber = {},
OPTseries = {},
OPTaddress= {},
OPTedition= {},
OPTmonth  = {},
OPTnote   = {},
OPTannote = {}
}
@Book{Kapsoli93,
author    = {Wilfredo Kapsoli},
ALTeditor = {},
title     = {Modernidad y tradición Perú siglos XVI-XX},
publisher = {Editorial Lumen},
year      = {1993},
OPTkey    = {},
OPTvolume = {},
OPTnumber = {},
OPTseries = {},
OPTaddress= {},
OPTedition= {},
OPTmonth  = {},
OPTnote   = {},
OPTannote = {}
}

