% Responsable   :
% Bibbliografía : Legislación Universitaria
% Versión       : 1
\begin{thebibliography}{}

% Otros
@Misc{Asamblea08,
OPTkey = {},
author = {Asamblea Constituyente},
title = {Constitución Política del Ecuador},
howpublished = {Registro Oficial 449},
month = {Octubre},
year = {2008},
OPTnote = {},
OPTannote = {},
OPTurl = {},
OPTdoi = {},
OPTissn = {},
OPTlocalfile = {},
OPTabstract = {}
}

% Otros
@Misc{Gregorio08,
OPTkey = {},
author = {Universidad San Gregorio de Portoviejo},
title = {Estatuto de la Universidad San Gregorio de Portoviejo},
howpublished = {Resolución CONESUP},
OPTmonth = {},
year = {2008},
OPTnote = {},
OPTannote = {},
OPTurl = {},
OPTdoi = {},
OPTissn = {},
OPTlocalfile = {},
OPTabstract = {}
}


% Otros
@Misc{Congreso00,
OPTkey = {},
author = {Congreso Nacional},
title = {Ley de Educación Superior del Ecuador},
howpublished = {Registro Oficial 77},
month = {Mayo},
year = {2000},
OPTnote = {},
OPTannote = {},
OPTurl = {},
OPTdoi = {},
OPTissn = {},
OPTlocalfile = {},
OPTabstract = {}
}


\end{thebibliography}