\begin{thebibliography}{}

@Book{Catecismo,
  author = "Comisión Redactora del Catecismo",
  title =  "Catecismo de la Iglesia Católica",
  publisher = "Conferencia Episcopal de Colombia",
  year =   "1993"
}

@Book{Ratzinger,
  author = "Joseph Ratzinger",
  title =  "Introducción al Cristianismo",
  publisher = "Sígueme",
  year =   "2001"
}

@Book{Biblia,
  author = "Biblia",
  title =  "Sagrada Biblia", 
  publisher = "Editorial Descleé de Brower Bilbao España",
  year =   "1975"
}

\end{thebibliography}
