\begin{thebibliography}{}

@Book{VAB1965,
  author    = {Víctor Andrés Belaunde},
  title     = {Peruanidad},
  publisher = {Studium. Lima},
  note      = {pp. 14-27},
  year      = {1965}
}

@InProceedings{Porras1935,
author     = {Raúl Porras Barrenechea},
title      = {El legado quechua},
booktitle  = {Publicado en Revista de la Universidad Católica del Perú},
pages      = {142-148},
year       = {1935},
number     = {13},
month      = {Mayo}
}

@Book{Messori96,
  author    = {Vittorio Messori},
  title     = {Leyendas Negras de la Iglesia},
  publisher = {Planeta S.A., Barcelona},
  note      = {pp. 22-30},
  year      = {1996}
}

@Book{Estenos,
  author    = {Estenós A.},
  title     = {Desarrollo y Cultura en América Latina: principales líneas de reflexión en la actualidad},
  publisher = {UCSP},
  year      = {2008}
}

@Book{Estenos1,
  author    = {Estenós A.},
  title     = {Aproximación al sistema Político Peruano.},
  publisher = {UCSP},
  year      = {2009}
}

@Book{Estenos2,
  author    = {Estenós A.},
  title     = {Desarrollo y Cultura en América Latina: principales líneas de reflexión en la actualidad},
  publisher = {UCSP},
  year      = {2008}
}


@Book{Morande,
  author    = {Morandé, Pedro},
  title     = {Cultura y Modernización en América Latina},
  publisher = {Ediciones Encuentro}
}

@Book{Busto,
  author    = {Del Busto Duthurburu, José Antonio},
  title     = {El mestizaje en el Perú},
  publisher = {Universidad de Piura},
  year      = {1993}
}

@Article{Klinge1999,
author    = {Doig Klinge},
title     = {América Latina, identidad y destino},
journal   = {VE},
year      = {1999},
number    = {44},
pages     = {27-46},
month     = {Sep-Dic}
}

@Article{Figari1992,
author    = {Luis Fernando Figari~Rodrigo},
title     = {Evangelización, promoción humana y reconciliación en la forja de América Latina},
journal   = {VE},
year      = {1992}
}

@Article{Figari2000,
author    = {Luis Fernando Figari~Rodrigo},
title     = {Perú, pueblo con vocación continental},
journal   = {VVAA Iglesia y cultura Latinoamericana},
year      = {2000},
pages     = {437-489},
note      = {CELAM, Bogotá}
}

@Book{delaPuente1970,
	author    = {José A. de~la~Puente~Candamo},
	title     = {Notas Sobre la Causa de la Independencia del Perú},
	publisher = {},
	note      = {13-18, 27-28, 39-42, 53-56},
	year      = {1970}
}

@Book{Mariategui,
	author    = {Mariátegui, J.},
	title     = {Los Siete Ensayos de Interpretación de la Realidad Peruana},
	publisher = {Biblioteca Amauta},
	year      = {1995}
}

@Book{PersonaCultura,
  author    = {UCSP},
  title     = {Revista de la UCSP: Persona y Cultura},
  number    = {4},
  series    = {4},
  note      = {9-41},
  publisher = {UCSP},
  year      = {2001}
}

@InBook{Mujica1992,
author = {Rosa María Mujica},
title = {Educación en crisis},
chapter = {Educación Peruana: Problemas y Esperanzas},
publisher = {CIUP-Fe y Alegría},
year = {1992},
address = {Lima},
pages = {13-27}
}

@Book{Cardo2005,
  author    = {Andrés Cardó~Franco},
  title     = {La Iglesia y la Educación en el Perú},
  publisher = {UCSP},
  year      = {2005}
}

@Book{deSoto1987,
  author    = {Hernando de~Soto},
  title     = {El otro Sendero},
  publisher = {ILD. Bogotá},
  note      = {pp. 3-16},
  year      = {1987}
}

@Book{BASADRE,
  author    = {Jorge Basadre},
  title     = {Perú, Problema y Posibilidad},
  publisher = {Studium. Lima},
  year      = {1981}
}

@Book{ADDCOT2000b,
  author    = {ADDCOT},
  title     = {ADDCOT: Omisiones a la verdad: ?`Y la reconciliación?},
  publisher = {Asociación Defensores de la Democracia contra el Terrorismo},
  year      = {2006}
}

@Book{ABUSADA2007,
  author    = {Cusato A. Abusada},
  title     = {Creicimiento e Instituciones en el Perú},
  publisher = {Instituto Peruano de Economía},
  year      = {2007}
}

@Book{BenedictoXVI,
  author    = {Benedicto XVI},
  title     = {Carta enciclica Caritas in Veritate},
  publisher = {Ediciones Paulinas.Lima},
  year      = {2009}
}

@Book{Contreras2002,
  author    = {C. Contreras},
  title     = {Centralismo en su perspectiva histórica},
  publisher = {IEP},
  year      = {2002}
}

@Book{PEASE1999,
  author    = {Pease Franklin},
  title     = {Breve Historia Contemporánea del Perú},
  publisher = {Fondo de Cultura Económica.México},
  year      = {1999}
}

@Book{Barnechea,
  author    = {Barnechea A.},
  title     = {La Republica Embrujada},
  publisher = {Editorial Aguilar},
  year      = {1995}
}

\end{thebibliography}