% Responsable   :
% Bibbliografía : 
% Versión       : 1
\begin{thebibliography}{}

% Articulo en Journal
 @Article{,
author = {},
title = {},
journal = {},
year = {},
OPTkey = {},
OPTvolume = {},
OPTnumber = {},
OPTpages = {},
OPTmonth = {},
OPTnote = {},
OPTannote = {},
OPTurl = {},
OPTdoi = {},
OPTissn = {},
OPTlocalfile = {},
OPTabstract = {}
}

% Articulo en conferencia
@InProceedings{,
author = {},
title = {},
booktitle = {},
OPTcrossref = {},
OPTkey = {},
OPTpages = {},
OPTyear = {},
OPTeditor = {},
OPTvolume = {},
OPTnumber = {},
OPTseries = {},
OPTaddress = {},
OPTmonth = {},
OPTorganization = {},
OPTpublisher = {},
OPTnote = {},
OPTannote = {},
OPTurl = {},
OPTdoi = {},
OPTissn = {},
OPTlocalfile = {},
OPTabstract = {}
}

% Articulo en una coleccion
@InCollection{,
author = {},
title = {},
booktitle = {},
OPTcrossref = {},
OPTkey = {},
OPTpages = {},
OPTpublisher = {},
OPTyear = {},
OPTeditor = {},
OPTvolume = {},
OPTnumber = {},
OPTseries = {},
OPTtype = {},
OPTchapter = {},
OPTaddress = {},
OPTedition = {},
OPTmonth = {},
OPTnote = {},
OPTannote = {},
OPTurl = {},
OPTdoi = {},
OPTissn = {},
OPTlocalfile = {},
OPTabstract = {}
}

%  Cap'itulos o paginas en libros
@InBook{,
ALTauthor = {},
ALTeditor = {},
title = {},
chapter = {},
publisher = {},
year = {},
OPTkey = {},
OPTvolume = {},
OPTnumber = {},
OPTseries = {},
OPTtype = {},
OPTaddress = {},
OPTedition = {},
OPTmonth = {},
OPTpages = {},
OPTnote = {},
OPTannote = {},
OPTurl = {},
OPTdoi = {},
OPTissn = {},
OPTlocalfile = {},
OPTabstract = {}
}

% se trata del autor del libro de esta conferencia
@Proceedings{,
title = {},
year = {},
OPTkey = {},
OPTeditor = {},
OPTvolume = {},
OPTnumber = {},
OPTseries = {},
OPTaddress = {},
OPTmonth = {},
OPTorganization = {},
OPTpublisher = {},
OPTnote = {},
OPTannote = {},
OPTurl = {},
OPTdoi = {},
OPTissn = {},
OPTlocalfile = {},
OPTabstract = {}
}

% 
@Book{,
ALTauthor = {},
ALTeditor = {},
title = {},
publisher = {},
year = {},
OPTkey = {},
OPTvolume = {},
OPTnumber = {},
OPTseries = {},
OPTaddress = {},
OPTedition = {},
OPTmonth = {},
OPTnote = {},
OPTannote = {},
OPTurl = {},
OPTdoi = {},
OPTissn = {},
OPTlocalfile = {},
OPTabstract = {}
}

% 
@PhdThesis{,
author = {},
title = {},
school = {},
year = {},
OPTkey = {},
OPTtype = {},
OPTaddress = {},
OPTmonth = {},
OPTnote = {},
OPTannote = {},
OPTurl = {},
OPTdoi = {},
OPTissn = {},
OPTlocalfile = {},
OPTabstract = {}
}

% 
@MastersThesis{,
author = {},
title = {},
school = {},
year = {},
OPTkey = {},
OPTtype = {},
OPTaddress = {},
OPTmonth = {},
OPTnote = {},
OPTannote = {},
OPTurl = {},
OPTdoi = {},
OPTissn = {},
OPTlocalfile = {},
OPTabstract = {}
}

% Reporte Tecnico
@TechReport{,
author = {},
title = {},
institution = {},
year = {},
OPTkey = {},
OPTtype = {},
OPTnumber = {},
OPTaddress = {},
OPTmonth = {},
OPTnote = {},
OPTannote = {},
OPTurl = {},
OPTdoi = {},
OPTissn = {},
OPTlocalfile = {},
OPTabstract = {}
}

% Manual T'ecnico
@Manual{,
title = {},
OPTkey = {},
OPTauthor = {},
OPTorganization = {},
OPTaddress = {},
OPTedition = {},
OPTmonth = {},
OPTyear = {},
OPTnote = {},
OPTannote = {},
OPTurl = {},
OPTdoi = {},
OPTissn = {},
OPTlocalfile = {},
OPTabstract = {}
}

% Otros
@Misc{,
OPTkey = {},
OPTauthor = {},
OPTtitle = {},
OPThowpublished = {},
OPTmonth = {},
OPTyear = {},
OPTnote = {},
OPTannote = {},
OPTurl = {},
OPTdoi = {},
OPTissn = {},
OPTlocalfile = {},
OPTabstract = {}
}

\end{thebibliography}

